3182 4888
653 271 871 332 -15-

175 462 308 546 accidit,
333 466 372 528 ut
388 467 468 529 nota
484 463 685 552 Graecorum
702 462 858 542 loquendi
873 461 960 526 ratio
985 461 1083 528 huius
1104 462 1168 528 loci
1179 445 1181 448 ⁵
1192 463 1350 530 tenebras

176 569 288 651 aliqua
322 590 363 636 ex
396 573 493 653 parte
528 574 707 637 removeat.
765 569 849 635 Nam
886 569 985 651 plane
1024 570 1139 636 eadem
1179 568 1353 636 divinandi

177 676 359 744 necessitas
382 676 477 743 nobis
500 675 630 757 quidem
654 675 763 755 venit,
788 675 817 741 si
840 675 979 758 legimus
1003 693 1033 744 ιο
1063 697 1111 761 τῆς
1134 692 1247 756 πόλεως,
1277 695 1350 742 cum

176 803 234 867 pro
258 802 287 853 ιο
308 783 460 849 notiones
483 783 577 852 velut
602 783 764 867 ,austund‘,
791 781 891 864 dupli,
917 780 1109 860 ‚vernultots‘
1127 787 1190 848 etc.
1215 788 1350 850 vertere

177 892 348 958 soleamus.
395 891 486 956 Illud
509 909 539 959 ιι)
560 889 665 973 igitur
689 909 764 956 non
788 889 912 956 solum
939 909 1004 956 res
1028 891 1096 956 sub
1120 873 1368 974 adspectum

176 997 402 1081 venientes,
438 997 505 1063 sed
540 995 661 1063 etiam
694 995 881 1064 notiones
916 998 1149 1064 abstractas
1184 997 1350 1064 indicat.

177 1109 285 1186 Atque
311 1111 351 1171 ut
378 1104 463 1171 illud
486 1122 516 1174 ιι)
543 1103 692 1188 genitivo
721 1127 769 1190 ιῆς
791 1120 894 1180 auson
920 1104 1027 1171 artius
1057 1104 1350 1190 circumscribitur,

174 1211 225 1278 ita
249 1213 350 1278 etiam
374 1211 577 1280 adiectivum
598 1213 653 1278 vel
680 1210 891 1293 participium
914 1211 1049 1278 videtur
1073 1213 1187 1278 eodem
1215 1233 1352 1279 munere

175 1318 269 1402 fungi
293 1338 399 1402 posse.
447 1320 558 1403 Quare
583 1342 630 1406 τῆς
653 1335 755 1396 πόλεως
774 1337 811 1406 τῷ
831 1337 966 1406 τιμωμένῳ
990 1321 1142 1402 legentes
1167 1319 1230 1386 duo
1255 1320 1351 1387 atiri-

174 1426 256 1492 buta
290 1427 431 1492 articulo
469 1445 507 1513 ap
541 1427 673 1494 adiecta
712 1446 784 1493 esse
823 1431 991 1510 putamus,
1032 1447 1169 1507 quorum
1208 1427 1351 1494 alterum

175 1547 237 1619 (τῆς
255 1549 370 1618 πόλεως)
393 1533 582 1618 includam,
612 1534 755 1601 alterum
777 1549 943 1620 (τιμωμένῳ)
965 1533 1127 1599 inclusum
1152 1538 1219 1618 est,
1244 1553 1351 1616 neque

174 1640 300 1706 idcirco
324 1641 436 1722 placet
460 1645 621 1726 statuere,
646 1641 830 1724 genitivum
854 1642 997 1723 pendere
1020 1659 1039 1706 e
1062 1659 1099 1727 ap
1124 1660 1268 1728 τιμωμένῳ.
1315 1641 1352 1708 Si

174 1747 279 1831 igitur
306 1749 482 1816 vertimus:
519 1749 608 1826 „dem
634 1749 743 1830 peebrt
770 1749 952 1813 werdondea
974 1749 1124 1813 austuadc
1155 1749 1211 1812 dor
1233 1746 1349 1826 siudl“,

175 1874 196 1920 a
220 1855 421 1922 Graecorum
445 1874 544 1922 sensu
567 1855 656 1921 haud
686 1855 736 1921 ita
759 1855 898 1921 multum
927 1856 1044 1921 abesse
1068 1853 1162 1921 nobis
1186 1855 1348 1923 videmur.

176 1961 248 2044 Qua
271 1961 460 2044 explicandi
482 1962 613 2029 ratione
636 1964 777 2045 probato
799 1980 842 2028 ne
865 1961 900 2026 hi
918 1961 1053 2042 ,quidem
1077 1961 1142 2028 loci
1165 1961 1231 2028 iam
1260 1981 1349 2028 scru-

173 2070 269 2151 pulos
292 2073 441 2137 movent:
535 2089 537 2093 ’

387 2180 514 2248 114222
533 2186 560 2236 ἐν
580 2185 618 2254 τῷ
633 2185 670 2254 μὴ
688 2183 830 2248 μελετῶντι
849 2183 1041 2254 ἀξονετώτεμοι
1061 2182 1173 2236 ἔσονται.

264 2282 382 2350 Placet
417 2286 460 2351 ad
495 2303 534 2370 ap
568 2283 717 2367 cogitare
747 2282 914 2349 notionem
942 2283 1106 2365 quandam
1140 2283 1236 2350 velut
1272 2305 1349 2368 ,uer-

172 2387 297 2455 balteu‘.
344 2391 506 2458 Attamen
535 2391 606 2459 iuro
637 2392 709 2472 quis
738 2390 959 2466 dubitaverit,
989 2410 1066 2456 num
1094 2389 1196 2457 liceat
1222 2389 1348 2457 dicere:

173 2496 313 2580 „infolpe
328 2499 384 2562 des
398 2499 485 2563 alebi
499 2499 639 2564 dbenden
660 2498 857 2563 berbulteas“
881 2499 950 2566 vel:
975 2498 1066 2582 „dena
1081 2497 1190 2579 probri
1210 2498 1348 2562 werden-
1375 2559 1377 2564 .

171 2606 231 2669 den
257 2604 443 2692 austundc“,
479 2606 556 2688 quia
584 2607 634 2674 ita
669 2606 891 2675 substantivis
927 2605 1109 2687 qrralitates
1144 2599 1348 2690 tribuantur,

172 2733 255 2794 quae
282 2714 413 2796 proprie
443 2714 632 2796 pertineant
667 2715 710 2781 ad
738 2714 897 2781 homines.
950 2713 1112 2794 Equidem
1141 2716 1220 2794 puto
1255 2712 1349 2778 illam

171 2820 327 2902 loquendi
349 2821 513 2889 rationem
536 2823 625 2889 haud
648 2841 845 2906 magnopere
868 2822 1058 2904 discrepare
1080 2841 1101 2888 a
1124 2824 1250 2904 nostra,
1275 2839 1348 2886 oum

170 2929 347 3009 loquimur:
383 2931 476 3008 „ciac
499 2932 636 2995 sitrcnde
659 2929 878 2995 lcbcnsweise“
907 2929 964 2998 uel
993 2928 1077 3012 „dus
1107 2927 1261 2992 sebaende
1283 2948 1348 2991 uer-

170 3033 308 3114 lunpen“
344 3037 400 3104 vel
437 3036 602 3117 ,alenda
636 3036 775 3118 luufes“.
833 3037 927 3120 Quod
961 3023 1040 3103 uero
1077 3033 1267 3101 Classenius
1305 3035 1349 3100 ad

169 3145 319 3207 nostrum
342 3142 450 3208 locum
474 3143 666 3227 adnotavit,
694 3163 764 3209 rem
793 3145 966 3210 obscuram
997 3160 1062 3207 non
1086 3139 1252 3222 illustrat,
1281 3139 1347 3206 dis·

168 3252 268 3330 putat
291 3247 378 3314 enim
401 3249 497 3316 haee:
533 3268 590 3337 ,μιν
605 3268 643 3338 μὴ
660 3266 815 3332 μελετῶντι,
843 3250 900 3314 der
921 3247 1046 3330 moapel
1067 3267 1109 3312 un
1130 3247 1246 3329 ddunp,
1270 3246 1348 3310 duob

167 3355 203 3417 ia
232 3360 423 3419 concrederer
452 3356 674 3440 dereicbrmnp:
710 3358 758 3422 bei
786 3359 855 3422 dem
882 3355 968 3420 nicht
995 3375 1067 3420 aum
1102 3354 1182 3418 rideo
1209 3352 1348 3418 dommac

167 3459 320 3526 kdauea‘t
371 3461 422 3528 De
449 3462 612 3531 facultate
641 3464 818 3531 exercendi
845 3461 1021 3547 participio
1055 3459 1140 3526 nihil
1157 3459 1345 3539 indicatur,

168 3567 228 3633 sed
256 3566 407 3634 continet
435 3570 591 3638 veritatis
622 3573 786 3652 quandam
817 3568 1108 3654 significationem,
1139 3585 1212 3633 cum
1240 3566 1346 3650 magis

168 3693 267 3754 quam
290 3673 455 3757 infinitivo
481 3695 519 3764 τῷ
534 3695 571 3764 μὴ
588 3694 702 3759 μειειᾶν
720 3677 896 3761 participio
917 3679 1096 3759 prematur,
1123 3672 1346 3740 condicionem

166 3786 456 3860 commemoratam
490 3803 603 3852 veram
639 3804 722 3851 esse.
774 3785 868 3851 Idem
902 3783 1006 3850 multo
1031 3779 1138 3863 magis
1168 3781 1277 3848 elucet
1305 3800 1346 3847 ex

165 3889 341 3955 hocloco:

388 4002 472 4070 V9‚8
498 4005 550 4066 ἕως
573 4005 618 4058 οὖν
642 4005 680 4059 ἔτι
704 4006 884 4076 ἀπαράσκευοι
907 4006 1039 4074 θαρσοῦσι
1062 4004 1104 4056 καὶ
1132 4007 1180 4054 τοῦ
1206 4002 1344 4054 ὑποπιέναι

329 4110 406 4163 πλέον
425 4115 441 4182 ἢ
461 4117 509 4164 τοῦ
525 4115 652 4177 μένοντος
669 4115 715 4183 τὴν
734 4113 850 4165 διάνοιαν
869 4111 959 4184 ἔχουσι
977 4131 999 4163 κ.
1010 4131 1031 4163 τ.
1043 4113 1064 4163 ἑ.

257 4209 436 4296 Haasius¹)
473 4213 514 4277 de
549 4213 609 4278 hoo
648 4215 719 4279 loco
751 4213 834 4278 haec
872 4209 1043 4278 disseruit:
1089 4229 1177 4293 ,μον
1211 4208 1344 4289 quodum

261 4438 281 4508 ¹)
301 4439 433 4495 Lucubrr.
455 4441 593 4511 Thucydd.
611 4459 674 4514 pag.
693 4445 736 4498 40.
