3182 4888
660 337 877 399 ,43-

180 529 380 598 LXXXIII.
433 529 651 611 Opponuntnr
679 527 779 594 eliam
807 527 897 594 inter
925 547 960 595 se
989 529 1165 612 particulis
1189 549 1239 612 μὲν
1264 535 1299 598 et
1327 549 1358 600 οὲ

181 637 316 704 diversa
341 634 503 718 subiecta,
533 627 680 716 quornm
698 635 842 700 alterum
871 635 1001 702 omnino
1031 655 1096 702 non
1125 637 1167 704 ad
1190 637 1358 720 participii

181 742 365 810 subiectum
389 745 528 822 spectat,
552 740 647 807 vellii
671 741 741 804 ΠΙ
751 745 853 813 34,12
872 761 886 811 ὁ
903 760 933 811 δὲ
948 757 1062 830 (Πάχης)
1082 760 1311 830 προκαλεσάμενος
1330 759 1358 822 ές

180 865 279 935 λόγους
302 861 396 917 Ἱππίαν
410 903 416 916 .
431 903 437 916 .
451 902 467 928 .,
495 865 510 915 ὁ
536 865 585 928 μὲν
612 860 712 934 ἐξῆλθε
735 861 794 935 παρ’
820 865 913 930 αὐτόν,
942 868 957 918 ὁ
981 867 1011 918 d&
1034 863 1173 918 ἐκεῖνον..
1201 864 1230 919 ἐν
1254 867 1358 938 φυλακῇ

181 973 291 1042 aarum
310 971 397 1042 εἷμα·
416 954 475 1020 cfr.
501 953 526 1017 Ι
530 954 665 1030 V80‚16
694 961 729 1020 et
751 955 848 1021 simil.
874 955 921 1018 ΙΙ
928 959 1037 1032 52,16.
1085 956 1257 1022 Eiusmodi
1281 977 1358 1024 ana-

182 1063 347 1130 coluthias
370 1061 555 1128 rhetoricas
579 1061 748 1143 appellare
771 1062 852 1128 lieet
875 1062 1030 1145 Poppone
1057 1068 1205 1130 anctore.

275 1171 306 1236 2.
331 1169 567 1254 Partioipinm
591 1187 769 1250 nunquam
792 1171 891 1236 verbi
913 1171 1007 1236 liniti
1033 1169 1146 1237 loenrn
1168 1173 1265 1238 tenet

641 1275 741 1355 (add
769 1282 795 1360 l,
821 1275 897 1362 la).

270 1397 377 1464 125,15
396 1401 435 1452 ὅτι
448 1399 534 1452 αῦτῦιν
548 1395 719 1469 (Κορινθίων)
731 1399 898 1469 παρημέλουν
917 1400 992 1460 ὄντες
1009 1398 1119 1454 ἄποικοι*
1137 1400 1253 1471 οῦτεγὰρ
1274 1403 1357 1454 daddu-

181 1529 228 1570 τες
245 1510 354 1578 γέρα..
375 1505 438 1560 οῦτε
456 1507 699 1577 προκαταρχόμενοι
712 1545 718 1558 .
733 1544 760 1560 ..
779 1511 1000 1577 περιφρονοῦντες
1018 1509 1048 1560 d&
1067 1529 1088 1560 κ.
1109 1529 1131 1561 τ.
1150 1511 1172 1561 ἑ.

272 1599 326 1664 Ad
348 1596 526 1679 partieipia
548 1595 669 1669 iterum
693 1595 904 1678 cogitandum
929 1602 981 1663 est
1003 1614 1179 1685 παρημέλουν.

271 1718 378 1788 136,Ιᾶ
397 1721 434 1790 τῷ
452 1717 476 1772 θ’
497 1717 529 1771 ἂν
542 1720 580 1789 μὴ
600 1721 730 1790 προέσθαι
748 1722 818 1790 ἡμᾶς
827 1721 951 1785 μάθοιτε·
970 1722 1029 1791 τρία
1046 1723 1095 1786 μὲν
1113 1722 1177 1774 ῦντα
1195 1721 1276 1791 λόγου
1296 1719 1358 1782 ἄξια

180 1828 289 1883 ναυτικὰ
308 1849 330 1881 κ.
349 1848 372 1881 τ.
392 1827 414 1880 έ.
433 1843 469 1880 sc.
488 1823 553 1896 ἐστι’.

271 1935 305 1988 II
310 1931 395 2000 29,18
423 1931 507 2004 Τήρης
530 1935 560 1986 δὲ
584 1932 645 1986 οῦτε
668 1935 698 1986 τὸ
721 1934 787 1986 αὐτὸ
811 1934 894 1999 ὄνομα
918 1933 987 2004 ἔχων
1011 1934 1138 2001 βασιλεῦς
1159 1955 1188 1988 τε
1207 1940 1312 2005 πρῶτος
1330 1932 1358 1988 έν

177 2044 272 2113 κράτει
298 2039 426 2111 ‘deponor
454 2037 571 2109 ἐγένετο.
617 2025 683 2090 Pro
713 2039 775 2094 οὔτε
803 2044 876 2091 esse
904 2027 1126 2106 reponendum
1159 2025 1193 2091 in
1228 2031 1358 2092 textum

130 2208 133 2212 ,
179 2150 246 2202 otae
271 2135 306 2197 et
329 2167 359 2200 α
384 2131 647 2214 expungendum,
673 2129 863 2198 Classenius
886 2131 959 2198 iure
983 2131 1164 2206 contendit.

272 2250 392 2319 J168‚18
410 2256 435 2307 οί
454 2253 477 2306 θ’
500 2251 656 2324 Ἀμφίλογοι
670 2293 697 2306 ..
723 2255 839 2307 διδόασιν
861 2256 975 2315 ἑαυτοὺς
993 2252 1130 2325 Ἀκαρνᾶσι
1148 2255 1190 2308 καὶ
1209 2275 1358 2325 προςπαρα-

178 2363 342 2421 καλέσαντες
360 2361 508 2430 ἀμφότεροι
526 2357 692 2430 Ἀθηναίους,
712 2361 739 2414 οἳ
756 2362 848 2422 αὐτοῖς
869 2359 1008 2432 Φορμίωνα
1027 2381 1056 2414 τε
1075 2363 1224 2432 στρατηγὸν
1238 2361 1358 2428 ἔπεμψαν

178 2469 224 2522 καὶ
236 2473 302 2528 ναῦς
320 2468 466 2538 τριάκοντα·
480 2469 640 2536 ἀφικομένου
654 2469 684 2520 de
698 2473 746 2521 τοῦ
762 2465 914 2538 Φορμιανος
932 2471 1036 2538 αἱροῦσι
1054 2469 1121 2521 κατὰ
1139 2469 1236 2539 κράτος
1250 2464 1357 2538 Ἀργος

178 2557 346 2640 Equidem
376 2577 508 2642 censeo,
544 2573 841 2644 αραςααραααλέαααας
868 2575 1016 2645 ἀμφότερα
1045 2577 1118 2626 esse
1145 2557 1358 2641 participium

178 2663 407 2748 appositivnm
432 2661 506 2747 (eir.
525 2664 628 2748 1121)
652 2669 688 2730 et
709 2681 753 2733 ααι
776 2664 892 2732 valere
917 2663 1050 2746 ‚etiam‘.
1091 2665 1148 2732 Ita
1169 2663 1235 2731 iam
1253 2664 1358 2730 Bene·

179 2772 297 2839 dictus
326 2771 407 2838 illud
431 2788 473 2840 ααι
497 2770 641 2855 aceepit,
671 2789 777 2852 neque
805 2771 979 2855 intellego,
1009 2791 1067 2838 cnr
1089 2771 1239 2838 Haehins
1267 2770 1358 2836 illum

177 2877 386 2946 sententiam
420 2867 596 2959 improbet3
632 2897 706 2944 nam
741 2879 843 2945 verbo
879 2893 995 2946 αοόααα
1023 2895 1136 2954 §aaron
1169 2877 1241 2943 lere
1270 2877 1378 2943 idem-

178 2983 393 3069 significatur
409 2985 494 3064 quod
510 2986 612 3051 verbo
629 2999 794 3070 παρακαλεῖν,
811 2984 845 3050 id
862 2986 949 3066 qnod
964 2984 1100 3066 insuper
1114 2983 1358 3066 praepositione

179 3111 250 3180 πρὸς
273 3091 308 3157 ill
332 3107 627 3178 προςπαρακαλέααντες
648 3091 827 3158 indicatur.

274 3215 321 3268 III
326 3211 412 3280 38,31
431 3215 525 3275 οἵτινες
542 3215 657 3267 εἰώθατε
676 3215 771 3267 θεαταί
788 3216 836 3280 μὲν
855 3219 907 3268 τῦνν
918 3213 1004 3284 λόγων
1017 3216 1163 3284 γίγνεσθαι,
1182 3213 1309 3284 ἀκροαταὶ
1328 3214 1358 3265 de

179 3329 236 3377 τῶν
250 3323 345 3392 ἔργον,
365 3322 397 3374 τὰ
414 3323 463 3386 μὲν
473 3321 602 3387 μέλλοντα
616 3326 792 3382 σκοποῦντες.
806 3360 812 3373 .
832 3322 874 3374 καί
890 3322 959 3387 μετὰ
971 3322 1123 3392 καινότητος
1136 3323 1184 3386 μὲν
1197 3320 1278 3389 λόγου
1293 3321 1357 3372 ἀπα-

180 3433 283 3484 τᾶσθαι
302 3427 404 3500 ίίριστοι
421 3449 444 3481 κ.
463 3449 485 3482 τ.
505 3432 526 3482 ἑ.
564 3411 782 3494 participium
811 3433 968 3489 σκοποῦντες
996 3412 1082 3478 Sicut
1109 3411 1238 3493 reliqua
1261 3410 1358 3478 atili·

179 3523 266 3587 buta
288 3519 436 3602 pertinet
458 3520 500 3586 ad
524 3535 648 3589 ειοοααε.
992 3529 995 3534 ’

274 3645 291 3696 Ι
295 3643 320 3697 V
326 3642 392 3709 lud
411 3643 482 3712 παρὰ
501 3643 605 3713 γνώμην
625 3663 654 3696 τε
674 3644 706 3713 θη
722 3642 835 3708 μάλιστα
855 3648 906 3696 τῶν
924 3642 990 3695 κατὰ
1012 3644 1056 3695 τὸν
1074 3643 1186 3708 πόλεμον
1206 3647 1284 3696 τοῦτο
1304 3647 1359 3704 τοῖς

173 3751 297 3822 ’Ἕλλησιν
315 3749 423 3822 ἐγένετο
445 3747 463 3820 [.
473 3789 480 3802 .
491 3747 508 3820 .]
530 3751 700 3811 ἀπιστοῦντες
712 3769 742 3804 τε
752 3751 788 3820 μὴ
803 3750 867 3803 εἶναι
885 3751 947 3810 τοὺς
959 3751 1126 3820 παραδόντας
1144 3754 1199 3810 τοῖς
1218 3753 1359 3804 τεθνεῶσιν

181 3861 311 3926 ὁμοίους.
330 3860 377 3911 καί
392 3877 461 3918 τινος
479 3855 608 3929 ἐρομένου
628 3859 691 3910 ποτε
710 3857 820 3926 ὕστερον
838 3877 860 3909 κ.
881 3877 902 3910 τ.
923 3859 944 3910 ἑ.

274 3949 423 4016 Haehins
439 3949 626 4030 Popponem
648 3952 742 4014 reete
765 3965 934 4024 ααιαααοαας
958 3952 1206 4030 consequente
1229 3962 1357 4034 ἐραμαναα

181 4057 324 4140 iungere
359 4062 394 4122 et
427 4055 614 4123 absolutum
649 4055 888 4123 nominativum
924 4074 996 4122 esse
1035 4055 1216 4122 contendit.
1273 4053 1357 4120 Mihi

183 4165 319 4247 quidem
339 4163 529 4231 Classenius
553 4163 687 4231 videtur
710 4169 802 4230 reete
826 4163 983 4250 iudicare,
1008 4164 1064 4245 qui
1087 4162 1275 4230 adnotavit:
1302 4180 1357 4248 „aa

180 4271 277 4354 sithri
299 4272 350 4336 die
371 4270 546 4334 antdrlielre
567 4269 652 4352 s'olpe
675 4271 730 4334 des
752 4271 940 4335 uuerlrd’rteu
962 4291 1135 4353 υονραυροο
1158 4272 1224 4348 oium
1246 4270 1358 4334 durum

181 4380 270 4444 Ῑιααυ
292 4379 366 4444 aber
388 4396 418 4448 τὲ
442 4379 547 4444 diesen
570 4383 638 4442 suta
659 4377 745 4442 nieht
765 4380 831 4443 υιίί
846 4379 914 4442 dem
936 4380 1064 4460 deripere
1086 4378 1261 4458 verbiuden,
1290 4397 1356 4440 εοιι-

182 4487 264 4554 ἄνια
286 4485 367 4554 steht
388 4487 446 4551 mit
468 4486 537 4552 deur
559 4487 687 4552 awriten
710 4502 739 4560 τε
763 4492 797 4550 iu
819 4486 875 4550 der
890 4486 980 4552 meisa
1004 4487 1036 4550 ιἰι
1058 4485 1259 4568 υονῦυιᾱυυρ,
1284 4484 1358 4554 deso
