3182 4888
689 352 909 413 -21-

209 561 309 609 seusu
339 542 510 624 praeditus
539 543 716 610 articulum
746 563 818 610 cum
853 543 1020 611 adiectivo
1048 543 1213 629 iungeret.
1266 549 1385 630 laque
1435 546 1437 549 ’

210 649 282 718 Sive
320 667 357 736 τῷ
390 666 496 726 δόξαντι
527 665 611 736 καλῷ,
650 650 721 718 Sinl
760 669 798 737 τῷ
830 667 901 737 καλῷ
934 668 1040 729 δόξαντι
1077 653 1228 735 legentes
1258 674 1385 737 semper

209 762 357 823 nostram
381 757 543 823 rationem
566 761 742 838 sequentes
765 773 837 843 καλῷ
859 757 1036 837 inclusum,
1071 776 1175 836 aarum
1209 760 1384 828 includens

211 863 411 930 attributum
434 863 580 930 notionis
604 865 647 930 ad
671 863 849 931 articulum
876 863 1073 947 cogitandae
1095 866 1293 948 putabimus.

692 1112 905 1123 ιι.-

763 1379 825 1470 ΙΙ.

753 1576 855 1685 τι,

300 1713 518 1796 Participium
552 1715 814 1798 praedicativum
853 1736 911 1783 seu
945 1715 1087 1783 nominis
1121 1717 1188 1784 vim
1223 1736 1384 1800 superans

210 1841 284 1888 eum
312 1823 373 1888 hoc
401 1821 544 1889 articulo
571 1840 637 1888 non
665 1823 845 1904 copulatur.
893 1822 986 1891 Idem
1010 1825 1102 1892 valet
1131 1825 1172 1891 de
1197 1825 1383 1902 adiectivis

208 1929 304 1997 velut
339 1945 359 1996 Ι
367 1941 451 2010 49,21
483 1948 628 2016 ἐνέπρησαν
661 1945 709 2006 τὰς
741 1947 837 2016 σκηνὰς
867 1949 994 2017 ἐρήμους,
1027 1947 1061 1999 II
1071 1943 1159 2013 9325
1192 1948 1239 2008 τὰς
1272 1951 1386 2018 τριήρεις

208 2053 368 2122 apsentem
387 2054 479 2113 aarum
503 2036 560 2102 scd
576 2055 735 2118 persaepe
752 2037 803 2102 his
820 2037 997 2104 adiectiuis
1014 2037 1157 2104 adicitur
1173 2039 1385 2121 participium

184 2173 190 2180 ⁷
208 2159 255 2212 αν.
294 2143 366 2208 Iam
384 2162 473 2227 vero,
499 2163 571 2210 cum
588 2144 798 2226 grammatici
813 2144 1120 2227 ferepraecipiant‚
1138 2145 1166 2210 si
1183 2145 1384 2212 adiectivum

208 2249 281 2315 siue
306 2249 446 2315 articulo
471 2255 550 2316 ante
574 2251 629 2317 vel
652 2255 729 2332 post
753 2243 998 2320 substantivum
1017 2251 1159 2318 articulo
1184 2252 1384 2319 instructum

208 2358 404 2440 collocetur,
436 2355 638 2424 adiectivum
663 2357 734 2422 loco
759 2357 926 2423 enuntiati
955 2357 1144 2424 secundarii
1174 2377 1261 2440 esse,
1292 2359 1384 2426 cuius

207 2463 437 2546 praedicatum
478 2463 717 2548 constitueret,
757 2484 918 2546 quaerere
957 2465 1127 2549 debemuS,
1168 2485 1309 2546 quanam
1344 2467 1385 2533 de

209 2591 308 2638 causa
325 2570 447 2637 Graeci
462 2572 557 2636 modo
575 2571 652 2655 solo,
676 2573 771 2637 modo
788 2559 965 2654 participio
983 2590 1019 2640 aa
1035 2571 1201 2638 instructo
1218 2573 1384 2640 adiectivo

208 2678 260 2744 usi
284 2678 366 2762 sint,
390 2679 461 2762 vel,
491 2697 562 2744 cum
587 2697 623 2747 aa
648 2679 796 2760 copulam
820 2698 885 2745 uon
909 2697 981 2745 esse
1006 2699 1106 2762 supra
1130 2679 1383 2764 ostenderimus,

209 2804 266 2851 cur
301 2785 446 2867 qualitas
476 2785 643 2852 adiectivo
674 2803 830 2867 expressa
858 2786 951 2852 modo
988 2786 1109 2871 magis,
1145 2787 1239 2852 modo
1275 2787 1383 2855 minus

208 2891 352 2958 dilucide
375 2897 413 2958 ut
442 2887 566 2957 nomini
589 2910 669 2960 uere
698 2892 875 2958 inhaerens
906 2898 1115 2974 proponatur.
1164 2893 1248 2977 Quia
1272 2899 1384 2961 autem

208 3000 294 3066 hano
328 3019 397 3064 rem
432 2998 521 3065 iufra
555 3000 745 3067 accuratius
785 2984 991 3067 tractaturus
1030 3019 1116 3082 sum,
1157 3001 1212 3066 hic
1252 3006 1383 3067 tantum

208 3123 436 3189 commemora,
466 3110 593 3172 certum
617 3105 748 3188 quidem
772 3105 950 3172 discrimen
974 3106 1031 3172 vix
1059 3106 1217 3191 inveniri,
1248 3109 1316 3174 sed
1343 3108 1383 3173 in

207 3211 434 3278 universum
452 3231 496 3278 ea
511 3213 734 3294 participia
756 3212 978 3295 participio
995 3231 1031 3282 aa
1046 3213 1258 3298 insigniri,
1283 3234 1382 3296 quae

207 3318 331 3402 magis
354 3317 537 3386 minusve
561 3321 607 3386 ad
632 3319 827 3386 actionem
852 3321 973 3388 verbo
1001 3319 1124 3385 finito
1154 3339 1382 3402 expressam

208 3429 402 3508 spectant.

297 3535 350 3600 Ex
379 3533 428 3601 eis
456 3553 540 3614 quae
570 3536 664 3601 modo
689 3533 957 3600 adumbravimus
982 3534 1065 3600 satis
1089 3533 1213 3612 elucet,
1244 3553 1302 3598 cur
1326 3553 1381 3616 ge·

207 3642 324 3710 nitivis
353 3641 514 3708 absolutis
545 3639 705 3708 adhibitis
734 3645 769 3705 et
797 3640 950 3721 quotiens
979 3639 1069 3706 notio
1094 3639 1189 3706 verbi
1212 3639 1299 3704 finiti
1323 3646 1382 3706 aut

208 3751 391 3833 completur
425 3753 486 3814 aut
521 3749 709 3815 accuratius
746 3748 902 3814 definitur
936 3747 1137 3831 participiis,
1173 3749 1255 3814 haec
1288 3767 1381 3829 prae·

208 3857 356 3924 dicativa
379 3855 594 3922 collocatione
617 3859 820 3938 premantur.
866 3855 950 3921 Nam
979 3855 1013 3920 in
1038 3853 1197 3938 genitivis
1221 3853 1380 3920 absolutis

207 3963 359 4030 nimirum
387 3961 565 4044 participia
596 3961 631 4028 vi
660 3965 817 4044 superant
843 3961 990 4046 nomina,
1025 3981 1108 4042 quae
1136 3961 1221 4042 apud
1251 3961 1380 4041 Thucy·

206 4069 313 4136 didem
329 4087 488 4151 persaepe
505 4068 703 4134 omittuntur
721 4073 755 4133 et
771 4087 788 4132 c
806 4072 962 4133 contextu
979 4066 1268 4148 subintellegenda
1285 4075 1375 4149 sunt,

206 4179 300 4246 velut
323 4192 343 4243 I
346 4190 393 4258 1,3
416 4193 565 4262 ἀρξάμενος
590 4192 672 4251 εὐθὺς
694 4193 886 4256 καθισταμένου
912 4190 957 4256 (sc.
984 4188 1125 4256 πολέμου),
1154 4185 1202 4254 29
1226 4188 1379 4258 ἀτειχίστων

206 4303 261 4368 ἅμα
289 4301 372 4352 ὄντων
401 4280 525 4368 (Classz
561 4283 601 4346 du
628 4302 701 4346 neca
728 4280 807 4344 uoclc
830 4281 916 4344 beiloe
939 4301 1067 4345 aucuerre
1091 4279 1191 4355 botta·
1225 4277 1380 4344 similiter

205 4409 384 4475 pronomen
413 4389 575 4470 quoddam
603 4387 811 4454 indefinitum
847 4385 1106 4452 subaudiendum
1143 4390 1196 4451 cst
1225 4384 1250 4447 I
1264 4389 1318 4467 3,9
1347 4390 1380 4448 et

206 4499 287 4570 alibi
311 4493 434 4582 saepe).
475 4495 635 4581 Quoniam
660 4499 771 4563 alutem
794 4498 943 4560 nostrum
967 4512 1032 4559 uon
1054 4498 1106 4562 est
1123 4509 1296 4577 exponere,
1322 4509 1379 4556 cur
