3182 4888
709 312 925 376 ..33-

234 504 328 588 Quae
344 522 417 570 cum
433 503 484 570 ita
501 503 570 570 sint
583 501 703 571 mirum
726 524 791 570 non
807 504 952 590 videtur,
975 505 1062 586 qnod
1076 505 1255 588 participia
1268 508 1407 576 verbnm

233 609 470 692 subsequentia
493 609 564 677 fere
586 629 652 677 non
668 613 866 695 copulantur
882 631 955 678 eum
978 612 1264 693 praecedentibus.
1305 613 1407 681 Cuius

231 715 282 782 rei
306 735 439 783 oausam
462 733 526 782 non
544 717 741 800 cognovisse
765 717 880 800 opinor
896 718 1174 795 Balkenhollium‚
1199 739 1293 801 quem
1317 719 1406 804 fugit

232 823 286 890 hid
309 823 401 890 locus
423 837 510 906 121‚1
537 842 610 905 ὅμως
638 846 747 894 τοιαῦτα
775 839 806 893 ἄν
834 861 872 902 τις
896 843 1005 907 νομίζων
1030 841 1145 907 μάλιστα
1173 843 1191 894 ἃ
1220 842 1328 912 όιῆλθον
1356 844 1408 912 οὐχ

232 948 386 1017 ἁμαρτάνοι,
408 946 450 1000 καὶ
469 945 557 1015 obita)
576 949 613 1008 ὡς
631 949 733 1019 ποιηταὶ
753 949 877 1019 ὑμνήκασι
890 987 917 1001 ..
942 941 1112 1001 πιστεύων
1137 950 1266 1018 εὑρῆσθαι
1291 951 1322 1002 d}
1341 952 1406 1020 ἡγη-

231 1055 346 1119 σόμενος
363 1073 386 1105 κ.
400 1074 422 1107 τ.
436 1055 459 1106 ἑ.
502 1037 687 1119 Pariiinia
711 1055 834 1120 νομίζων,
857 1054 997 1119 πιστεύων,
1021 1056 1188 1124 ἡγησάμενος
1212 1039 1284 1105 sine
1307 1039 1405 1105 dubio

230 1163 366 1228 prorsus
394 1143 540 1210 eiusdem
568 1145 726 1211 momenti
754 1150 846 1228 sunt,
875 1145 989 1227 itaque
1017 1161 1145 1214 πιστεύων
1173 1164 1245 1212 cum
1273 1164 1407 1228 praeoe-

232 1253 333 1318 dente
360 1268 469 1332 νομίζων
496 1251 686 1318 necessario
714 1251 881 1333 particula
908 1269 951 1321 και
978 1251 1180 1334 iungendum
1209 1257 1298 1334 erat,
1333 1272 1406 1319 curn

231 1358 332 1426 alitor
360 1364 399 1424 ut
426 1357 561 1424 minoris
589 1359 747 1425 momenti
776 1363 1024 1442 proponeretur.
1076 1360 1115 1425 Id
1145 1377 1224 1425 vero
1252 1364 1407 1442 spectans

231 1463 444 1547 Thucydides
468 1464 602 1547 Scripsit
623 1479 745 1548 1113,2l
769 1485 825 1542 τοῖς
844 1483 874 1534 dd
893 1479 1073 1552 Μυτιληναίοις
1091 1482 1157 1552 ἀνὴρ
1179 1484 1208 1534 ἐκ
1226 1487 1278 1535 τῶν
1294 1478 1407 1552 Ἀθηνῶν

232 1587 329 1655 θιαβάς
340 1590 368 1648 ἐς
381 1585 497 1655 Εὔβοιαν
509 1589 551 1641 καὶ
564 1590 630 1660 πεζῇ
642 1589 683 1641 ἐπὶ
696 1585 720 1640 Γ
717 1589 838 1659 εραιστόν
851 1588 944 1652 ἐλθόν,
964 1589 1076 1649 abactor
1087 1589 1253 1659 ἀναγομένης
1270 1589 1406 1659 ἐπιτυχών,

232 1696 288 1766 πλῷ
303 1696 474 1766 χρησάμενος
490 1696 533 1748 καὶ
552 1699 669 1766 τριταῖος
686 1698 715 1756 ἐς
733 1693 876 1766 Μυτιλήνην
895 1695 1055 1764 ἀφικόμενος
1072 1695 1195 1766 ἀγγέλλει
1214 1697 1258 1748 τόν
1277 1695 1406 1748 ἐπίπλουν.

233 1786 312 1852 Cum
335 1785 522 1868 participiis
546 1803 650 1868 διαβάς,
670 1801 764 1866 ἐλθών,
777 1801 832 1872 πλῷ
842 1803 1018 1872 χρησάμενος,
1033 1802 1192 1870 ἀφικόμενος
1211 1785 1318 1868 ipsum
1341 1785 1407 1852 liei*

233 1892 454 1969 describatur,
478 1891 691 1974 participium
715 1910 843 1978 ἐπιτυχὼν
867 1911 936 1964 rem
961 1891 1114 1957 continet
1133 1911 1192 1973 per
1216 1892 1406 1974 sequidem

233 1998 474 2082 gravissimam,
499 2017 605 2079 neque
621 2003 733 2064 tamen
750 1999 792 2065 ad
816 1997 1015 2064 sententiam
1031 1997 1198 2082 integram
1221 1999 1407 2065 faciendam

232 2105 332 2174 valde
348 2105 582 2172 necessariam.
622 2105 704 2189 Quis
721 2105 808 2170 enim
823 2105 934 2172 verbis
956 2121 1067 2181 σμωις
1079 2151 1113 2158 -
1128 2122 1255 2192 ἐπιτυχὼν
1277 2105 1407 2172 omissis

233 2211 408 2293 quidquam
436 2211 664 2279 desideraret?
704 2211 813 2294 Quare
840 2212 938 2295 longe
970 2213 1085 2279 absum
1113 2217 1152 2278 ut
1180 2231 1252 2278 cum
1282 2212 1406 2278 Wildio

232 2317 315 2384 illud
341 2317 553 2401 participium
582 2317 688 2401 magis
716 2338 812 2400 quam
841 2319 969 2400 reliqua
993 2320 1206 2402 premendum
1236 2338 1308 2386 esse
1333 2338 1407 2385 cen·

234 2445 337 2509 seam,
365 2424 563 2508 praesertim
587 2444 658 2491 cum
684 2425 804 2492 omissa
828 2425 1056 2492 coniunctione
1079 2431 1117 2492 ut
1140 2425 1276 2507 reliquis
1300 2425 1407 2492 subie-

234 2517 322 2598 ctum
346 2535 461 2614 aperte
484 2537 697 2614 proponatur.

322 2639 482 2723 Quoniam
521 2657 601 2706 vero
640 2639 724 2706 satis
764 2639 907 2706 dilucide
947 2640 1205 2724 explicavimus,
1249 2640 1406 2722 quidnam

234 2747 482 2814 coniunctiones
507 2753 667 2831 spectent,
692 2767 757 2814 non
780 2749 956 2830 probamus
981 2747 1406 2832 eorunrsententiam,1qui
1433 2753 1435 2756 ’

233 2853 420 2937 participiis
444 2854 665 2936 compluribus
689 2854 777 2921 inter
800 2875 836 2920 se
865 2855 1028 2936 copulatis
1053 2855 1260 2922 celeritatem
1285 2855 1407 2938 agendi

233 2960 342 3044 lepide
370 2960 504 3044 depingi
532 2961 746 3028 contendunt.
794 2963 876 3028 Nam
907 2962 984 3028 huic
1007 2962 1056 3028 rei
1084 2963 1194 3044 potius
1217 2962 1405 3030 inserviunt

233 3067 411 3151 participia
435 3068 580 3135 eiusdem
605 3069 762 3136 momenti
787 3067 860 3153 (os.
886 3073 905 3150 ᾗ
932 3072 968 3133 11
996 3069 1098 3148 init),
1129 3089 1232 3151 eaque
1257 3071 1407 3136 consulto

232 3175 323 3242 inter
356 3195 392 3242 se
426 3195 491 3242 non
526 3176 689 3258 copulata.
742 3178 861 3258 Itaque
896 3178 981 3259 quod
1015 3197 1133 3245 revera
1168 3179 1273 3245 locum
1308 3197 1407 3260 supra

234 3283 436 3367 adscriptum
461 3283 545 3366 (ΙΙΙ
554 3289 647 3364 3‚21)
672 3271 823 3368 legentes
854 3284 903 3352 ita
926 3284 1103 3368 afficimur,
1133 3291 1170 3352 ut
1199 3285 1406 3353 celeritatem

234 3389 355 3474 agendi
370 3390 465 3471 quasi
489 3391 680 3475 sentiamus
705 3411 769 3458 non
794 3396 864 3458 tam
887 3391 1181 3478 coniunctionibus
1205 3413 1302 3475 quam
1325 3393 1407 3476 ipsis

235 3496 422 3580 participiis
447 3496 602 3564 celeriter
625 3495 715 3564 inter
738 3517 774 3564 se
798 3499 1073 3580 subsequentibus
1097 3500 1250 3567 efficitur.

322 3605 541 3672 Luculentum
575 3609 687 3672 autem
716 3608 914 3691 exemplum,
950 3627 1012 3688 quo
1049 3607 1127 3689 quid
1159 3607 1407 3676 coniunctiones

234 3717 388 3796 spectent
421 3712 626 3788 illustratur,¹
662 3719 775 3780 exstat
810 3715 858 3779 ΙΙ
871 3720 958 3798 93,7,
988 3715 1044 3782 ubi
1073 3715 1227 3799 legimus:
1264 3733 1349 3785 εοοκει
1377 3734 1407 3785 οὲ

234 3837 349 3903 λαβόντα
375 3841 425 3888 τῶν
445 3841 546 3888 ναυτῶν
566 3837 674 3889 ἕκαστον
698 3839 743 3907 τὴν
766 3839 893 3914 κώπην..
918 3841 983 3909 πεζῇ
1006 3841 1070 3892 ἰέναι
1094 3842 1123 3892 ἐκ
1142 3837 1274 3910 Ιίορίνθου
1299 3839 1339 3891 ἐπὶ
1361 3840 1407 3908 τὴν

235 3945 300 4014 πρὸς
311 3940 418 4013 Ἀθήνας
436 3942 574 3996 θάλασσαν
592 3944 635 3996 καὶ
648 3946 824 4014 ἀφικομένους
842 3946 908 3999 κατὰ
927 3947 1009 4016 τάχος
1023 3948 1051 4006 ἐς
1064 3943 1174 4016 Μέγαρα
1193 3946 1406 4007 καθελκύσαντας

234 4053 262 4102 ἐκ
283 4045 432 4110 Δλἰσαίας..
458 4053 654 4121 τεσσαράκοντα
674 4057 776 4113 ναῦς..
800 4052 909 4105 πλεῦσαι
933 4054 1015 4112 εὐθὺς
1038 4054 1078 4106 ἐπὶ
1098 4056 1142 4106 τὸν
1161 4053 1281 4124 Πειραιᾶ.
1318 4038 1407 4103 Illud

234 4157 445 4218 καυελκύσαντας
470 4161 538 4207 rem
567 4143 735 4226 proponit,
766 4163 849 4224 quae
878 4163 1012 4226 prorsus
1041 4163 1098 4225 per
1126 4164 1161 4210 se
1188 4144 1406 4228 intellegitur,

234 4267 341 4331 nequue
363 4248 486 4314 idcirco
512 4248 741 4316 coniunctione
766 4269 837 4316 cnm
861 4251 1082 4330 praecedente
1110 4250 1285 4332 participio
1311 4269 1407 4333 copu-

233 4357 338 4422 latum
367 4359 428 4422 est.
475 4356 523 4420 Ab
550 4357 659 4438 paullo
687 4357 776 4424 infru
804 4357 958 4441 legimus:
987 4375 1029 4426 καὶ
1057 4376 1211 4444 ἀφικόμενοι
1240 4376 1330 4436 νυκτός
1355 4374 1407 4426 καὶ

234 4476 443 4544 καθελκύσαντες
461 4479 490 4530 ἐκ
508 4483 555 4552 τῆς
574 4475 683 4547 Νισαίας
701 4481 749 4548 τὰς
767 4485 830 4547 ναός
848 4479 940 4540 ἔπλεον
959 4481 1000 4536 ἐπὶ
1016 4482 1065 4551 μὲν
1079 4480 1190 4556 Πειραιᾶ
1210 4483 1304 4542 οὐκέτι.
1335 4466 1407 4536 HOC
