3182 4888
730 262 947 323 ,.36.μ

254 469 297 522 καὶ
316 470 363 522 οῦκ
381 468 582 530 ἀξιώσαντες..
602 475 680 522 τοῦτο
699 469 804 538 παδεῖν)
823 454 879 520 ubi
897 455 1039 521 alterum
1055 455 1266 540 participium
1284 457 1423 524 alterum

185 615 187 621 .
255 561 422 642 explicare
446 561 656 627 manifestum
681 567 742 627 est.

344 667 423 732 Tria
445 667 621 748 participia
644 667 748 735 variis
770 667 875 734 modis
899 667 989 734 inter
1017 689 1052 734 se
1080 670 1290 755 copulantur,
1319 691 1424 753 neque

253 780 365 840 tamen
393 793 472 856 opus
500 774 634 842 videtur
664 794 737 840 esse
764 774 826 841 hac
860 775 901 840 de
929 795 966 840 re
1000 775 1161 858 copiosius
1197 796 1306 860 agere.
1360 779 1424 845 Sed

254 881 355 964 digna
373 900 456 963 quae
473 887 744 948 commemoretur
768 883 850 948 haec
868 882 1031 948 Classeuii
1047 883 1219 950 adnotatio
1244 890 1311 950 est:
1337 886 1361 949 I
1368 891 1423 964 2,4

253 1007 290 1068 τέ,
312 988 400 1052 aicit-i
413 991 471 1052 rait
486 990 554 1053 deor
568 989 736 1070 tolpcadca
758 1005 800 1058 καὶ
823 1011 864 1053 ra
885 989 1059 1066 aerdiudea,
1082 991 1174 1069 tritri
1187 993 1222 1054 ia
1236 991 1423 1072 oolrddlaa·

251 1115 312 1176 perc
333 1117 411 1175 pera
434 1097 492 1160 das
514 1097 608 1160 dritta
631 1097 706 1160 oder
728 1098 777 1160 cip
801 1101 943 1176 spitercs
957 1095 1043 1177 plied
1065 1099 1132 1174 cira
1153 1118 1188 1162 so
1206 1098 1308 1180 ple-ica
1330 1105 1424 1164 autea

252 1203 271 1266 λ·
298 1209 318 1266 9
342 1220 400 1290 (τῆς
422 1240 452 1272 τε
474 1217 534 1272 καθ’
559 1222 699 1290 ἡμέραν..
724 1225 827 1291 τροφῆς
850 1202 927 1268 θλίλθ
951 1203 1119 1286 bediehwiq
1145 1206 1207 1284 auf
1226 1221 1367 1285 νεμόμενοί
1386 1241 1422 1284 τε,

251 1326 299 1395 cfr.
319 1326 338 1377 Ι
342 1323 433 1395 69,1),·
456 1327 504 1395 cfr.
524 1323 613 1392 1549
632 1325 805 1397 Ιίορίνδιοι..
830 1327 1048 1396 κρατήσαντες..
1073 1329 1114 1381 καὶ
1138 1326 1237 1398 ἄνδρας
1255 1327 1421 1398 ἔχοντες...

251 1438 314 1493 ναῦς
332 1454 361 1486 τε
379 1434 612 1494 καταδύσαντες..
632 1433 745 1504 ἔστησαν
764 1438 896 1504 τροπαῖον.

338 1537 463 1608 1184,2ό“
480 1543 505 1593 oi
524 1543 553 1594 δὲ
570 1537 697 1610 Ἀθηναῖοι
719 1540 989 1600 καταδιώξαντες...
1017 1541 1058 1593 καὶ
1082 1546 1145 1602 ναῦς
1168 1541 1271 1594 δώδεκα
1295 1541 1423 1608 λαβόντες

250 1647 312 1706 τούς
331 1667 360 1700 τε
379 1645 518 1717 ἀνδρας..
538 1647 688 1713 ἀνελόμενοι
702 1687 729 1700 ..
749 1647 885 1700 ἀπέπλεον.
903 1696 905 1698 .

338 1755 358 1806 Ι
362 1753 457 1819 Ῑθί,11
482 1755 572 1807 θάσιοι
596 1757 666 1808 δὲ..
692 1753 865 1824 ὡμολόγησαν
883 1750 1025 1824 Ἀθηναίοις
1048 1758 1136 1825 τεῖχος
1158 1775 1187 1808 τε
1204 1756 1363 1816 καδελόντες
1380 1757 1421 1808 καί

250 1866 313 1920 ναῦς
330 1862 494 1931 παραδόντες
509 1863 636 1932 χρήματά
654 1883 724 1915 τε..
744 1862 886 1926 ταξάμενοι
905 1863 996 1931 φέρειν
1010 1901 1037 1914 ..
1062 1863 1108 1932 τήν
1127 1881 1156 1914 τε
1175 1861 1281 1933 ἤπειρον
1300 1863 1421 1932 ἀφέντες.

339 1953 440 2035 Quem
469 1953 653 2035 particulae
681 1971 774 2018 usum
805 1951 949 2018 Wildius
978 1951 1137 2036 ignorans
1164 1952 1262 2018 huius
1293 1953 1421 2036 periodi

250 2059 539 2126 conformationem
564 2078 628 2124 non
652 2064 745 2126 recte
768 2058 953 2142 perspexit:

336 2179 407 2248 124
425 2189 472 2252 τῆς
489 2183 539 2253 χὰς
558 2185 684 2252 ἐμπορίας
706 2184 752 2234 oda
772 2181 853 2252 ούσης
871 2179 927 2234 οὐδ’
947 2181 1123 2251 ἐπιμιγνύντες
1145 2183 1234 2243 ἀδεῦις
1259 2181 1419 2252 ἀλλήλοις..

249 2290 389 2353 νεμόμενοί
410 2309 439 2342 τε
462 2291 494 2342 τὰ
517 2293 619 2342 ἑαντιῦν
644 2290 748 2342 ἕκαστοι
767 2290 829 2341 όσον
847 2290 958 2358 ἀποζῆν,
982 2289 1025 2340 καὶ
1043 2289 1194 2357 περιουσίαν
1210 2289 1355 2360 χρημάτων
1373 2290 1421 2340 οὐκ

162 2396 184 2433 -’
248 2395 355 2466 ἔχοντες
374 2397 437 2448 οὐδὲ
455 2402 504 2466 γῆν
527 2396 699 2464 φυτεύοντες,
725 2393 821 2465 ἄδηλον
840 2398 869 2447 όν
893 2392 973 2448 ὁπότε
997 2415 1035 2455 τις
1058 2395 1177 2448 ἐπελθὼν
1200 2396 1242 2448 καὶ
1266 2396 1420 2466 ἀτειχίστων

248 2502 302 2566 ἅμα
316 2503 397 2555 όντιον
411 2501 489 2564 ἀλλος
502 2504 687 2572 ἀφαιρήσεται,
707 2509 795 2572 τῆςτε
812 2489 872 2554 ταδ’
887 2504 987 2572 ἡμέραν
1001 2503 1144 2572 ἀναχκαίοο
1163 2507 1266 2572 τροφῆς
1284 2505 1419 2571 πανταχοῦ

247 2609 278 2660 ἀν
306 2611 447 2680 ἡγούμεναι
475 2613 620 2680 ἐπικρατεῖν
649 2611 680 2661 οῦ
705 2609 830 2679 χαλεπῶς
857 2609 1038 2660 ἀπανίσταντο.
1091 2593 1178 2674 „Qui
1209 2589 1334 2669 locus“‚
1369 2591 1420 2658 alt

248 2697 435 2787 Wildius¹)‚
461 2701 705 2784 „compluribus
733 2702 836 2764 atita
859 2701 974 2780 dicam,
1000 2699 1233 2782 sympiepmaiis
1256 2704 1417 2764 constat..

247 2809 380 2872 Iaiiiura
414 2811 497 2888 capit
524 2808 676 2888 periodus
705 2828 724 2872 a
751 2807 870 2871 duobus
899 2807 1082 2886 participiis
1109 2807 1319 2869 coniunctiore
1355 2823 1419 2874 οοοὲ

247 2916 417 2996 copulatis.
434 2965 440 2979 .
455 2965 462 2980 .
500 2915 680 2997 Separatur
696 2917 758 2979 iria
766 2915 940 2994 participia
954 2933 1016 2976 aaa
1031 2912 1120 2976 secas
1141 2914 1224 2976 inter
1238 2933 1271 2976 se
1292 2914 1418 2976 coaiaa-

246 3025 343 3087 ctioac
362 3039 404 3090 καὶ
424 3043 547 3106 concae,
572 3042 649 3103 qaae
669 3024 783 3102 acecpit
802 3022 995 3086 ocoasatiaas
1017 3017 1185 3096 absolutas,
1210 3021 1261 3084 cui
1282 3020 1419 3084 subiecta

246 3136 291 3194 est
318 3133 469 3194 scatentia
500 3130 685 3194 secundaria
719 3129 778 3192 dac
806 3129 980 3208 participia
1015 3129 1181 3193 coatiacns.
1233 3127 1321 3192 Haec
1355 3129 1439 3200 irio¹

244 3237 468 3320 spraplcpmata
491 3237 583 3302 tolera
604 3239 686 3300 irater
702 3237 901 3300 serationem
924 3235 1045 3318 laudent,
1068 3239 1103 3298 at
1120 3235 1261 3314 primum
1282 3253 1416 3308 causam,

243 3351 279 3408 ai
310 3347 356 3408 ita
390 3345 504 3426 dicam,
542 3345 719 3408 obiectioura
754 3343 909 3422 exprimat
942 3342 1134 3422 sequentiam
1161 3341 1416 3424 participiorum,

244 3453 369 3515 tertiam
397 3466 493 3537 νόμον
522 3469 550 3519 ον
577 3431 807 3515 subiecticara.“
859 3447 1021 3529 Equidem
1051 3466 1168 3514 censeo
1196 3447 1329 3513 illorum
1357 3465 1418 3512 sex

195 3606 199 3615 .
243 3557 492 3641 participiorum
526 3558 616 3624 trina
651 3557 757 3624 artius
785 3557 874 3622 inter
902 3574 938 3621 se
966 3555 1148 3638 copulanda
1177 3573 1264 3639 esse,
1300 3549 1417 3621 itaut

243 3664 370 3745 periodi
393 3665 499 3748 figura
523 3665 568 3732 sit
592 3667 688 3733 haec:

449 3777 1210 3845 1.οδ...οδδὲ...τέ;2.καὶ-οδ...οῦδὲ...τὲ.

331 3880 423 3962 Quae
446 3880 643 3960 perelegans
666 3882 855 3943 structurae
879 3877 1085 3944 concinnitas
1108 3877 1289 3959 respondet
1310 3893 1415 3955 aeque

243 3986 411 4051 concinnis
436 3985 622 4052 sententiis.
670 3985 753 4050 Nam
776 3984 884 4066 prima
911 3983 1031 4065 prioris
1054 3983 1192 4050 membri
1216 4001 1317 4049 causa
1341 4001 1413 4048 cum

240 4093 347 4174 prima
377 4092 516 4160 alterius
544 4092 594 4159 ita
621 4091 754 4158 videtur
782 4092 974 4173 cohaerere,
1005 4095 1043 4157 ut
1070 4089 1282 4172 Thucydides
1311 4089 1415 4155 Athe-

241 4199 366 4265 niensis
401 4201 593 4268 commercio
627 4199 833 4282 potissimum
873 4197 1011 4264 divitias
1051 4197 1235 4280 comparari
1269 4195 1414 4263 voluerit

330 4429 350 4499 ¹)
369 4430 388 4482 l.
406 4430 424 4483 l.
442 4445 506 4498 pag.
526 4431 560 4486 30
579 4445 636 4498 sqq.
