3182 4888
663 260 883 355 -aa-

184 453 303 535 reliqui
331 472 440 520 rerum
469 451 646 535 scriptores
674 457 744 518 tum
773 451 986 534 Thucydides
1020 470 1141 536 magna
1174 469 1248 520 cum
1282 455 1357 518 arte

184 560 485 643 inter'complurcs
514 557 664 626 actiones
692 557 841 625 eiusdem
868 557 1009 625 subiecti
1036 559 1086 625 ita
1114 558 1285 643 distinxit,
1319 565 1357 624 ut

185 669 270 736 alias
299 667 515 752 gravissimas
543 666 629 734 alias
656 670 813 747 tanquam
843 666 985 733 leviores
1017 672 1223 749 proponeret.
1275 667 1358 734 Illas

184 778 286 844 verbo
310 775 414 859 finito,
439 775 500 842 has
523 775 593 840 fera
616 773 804 857 participiis
829 773 986 857 exprimit
1001 779 1101 858 atquc
1122 781 1160 841 ut
1177 774 1357 857 qualitates

184 882 257 951 veri
282 881 424 948 subiecti
452 886 694 948 commemorat.
741 880 909 948 Differunt
938 886 1050 948 autem
1074 883 1157 949 hacc
1180 881 1359 965 participia

184 990 227 1056 ab
250 994 351 1056 antea
374 987 557 1055 illustratis
580 987 633 1054 his
656 988 727 1054 fere
750 987 866 1054 rebus:

274 1112 306 1180 a)
333 1095 413 1161 Cum
436 1093 624 1178 participia,
648 1093 830 1174 dequibus
854 1113 953 1176 supra
977 1095 1114 1179 egimus
1142 1115 1247 1178 paene
1270 1096 1359 1162 adic-

184 1202 346 1270 ctivornm
369 1221 460 1268 morc
483 1201 525 1268 ad
549 1201 801 1282 unumquodque
825 1201 1074 1270 substantivum
1101 1203 1157 1271 vel
1180 1222 1358 1285 pronomen

184 1310 313 1395 possint
327 1308 505 1393 pertinere,
529 1310 612 1375 haec
628 1327 756 1392 semper
773 1326 844 1374 cum
862 1308 1009 1376 subiecto
1033 1317 1217 1394 congruunt
1239 1331 1359 1394 genero

185 1437 323 1486 numero
347 1436 437 1484 casu.

272 1542 306 1611 β)
339 1523 561 1592 Inveniuntur
597 1523 679 1590 haec
714 1522 892 1606 participia
926 1525 1013 1606 apud
1047 1524 1216 1606 quaelibet
1244 1527 1357 1608 verna,

184 1651 291 1714 neque
315 1652 356 1699 ex
379 1632 494 1699 horum
518 1630 761 1715 significatione
785 1631 943 1716 colligere
967 1632 1058 1716 licet,
1086 1651 1248 1714 quaenam
1271 1633 1358 1700 ratio

187 1741 235 1808 eis
252 1760 325 1808 cum
340 1738 528 1822 participiis
548 1739 746 1805 intercedat.
790 1739 900 1822 Quare
924 1758 996 1805 cum
1019 1739 1198 1822 participia
1221 1739 1360 1806 obiectis

186 1847 257 1927 (vel
296 1845 470 1924 subiectis)
511 1845 687 1913 uerborum
722 1862 876 1930 ἀποφαίνειν
911 1850 973 1911 cto.
1015 1845 1131 1913 addita
1170 1845 1361 1913 necessaria

184 1954 363 2023 videantur
387 1953 430 2020 ad
453 1951 656 2019 sententiam
679 1951 845 2035 integram
868 1951 1150 2037 constituendam,
1174 1954 1257 2020 haec
1281 1973 1360 2020 casu

186 2067 484 2129 commemorantur
507 2064 542 2126 ct
565 2058 670 2128 variis
693 2059 798 2126 modis
821 2061 957 2126 verbum
982 2059 1112 2126 finitum
1135 2059 1318 2128 illustrant.

275 2185 306 2255 γ)
334 2167 476 2235 Accedit
499 2167 585 2248 quod
608 2168 691 2233 hacc
714 2165 893 2249 participia
911 2186 1010 2250 saepe
1034 2167 1136 2234 ctiam
1160 2169 1263 2234 solam
1279 2173 1360 2234 tem-

186 2275 334 2358 poralem
357 2275 520 2342 rationem
543 2271 705 2351 indicant,
729 2292 825 2356 quam
850 2292 951 2356 supra
973 2283 1038 2340 non
1062 2274 1214 2348 uidimus.

275 2399 304 2468 o)
336 2381 536 2449 Solutiorem
572 2382 686 2446 horum
720 2379 970 2463 participiorum
1010 2380 1260 2448 collocationem
1295 2379 1361 2448 iam

186 2485 220 2575 (ἕ
245 2489 313 2572 1‚b)
339 2488 506 2570 explicare
530 2486 642 2554 conati
665 2505 791 2568 sumus3
815 2486 895 2554 item
919 2487 1103 2571 attigimus
1129 2507 1170 2554 cx
1194 2486 1362 2568 frequenti

186 2614 297 2661 corum
331 2614 394 2662 usu
427 2613 660 2675 nonnunquam
696 2593 934 2660 obscuritatem
962 2595 1127 2675 quandam
1155 2592 1251 2676 oriri,
1289 2613 1360 2658 cum

185 2701 320 2768 lectoris
343 2701 482 2770 arbitrio
509 2701 725 2785 permittatur
755 2721 796 2766 ex
823 2705 982 2768 contextu
1006 2701 1165 2784 colligere
1187 2699 1360 2774 rationem,

187 2828 270 2891 quae
303 2808 491 2892 participiis
520 2828 592 2875 cum
620 2809 721 2876 verbo
751 2812 818 2893 cst,
854 2812 889 2875 et
916 2807 1024 2892 ipsum
1053 2791 1248 2891 scriptorem
1283 2807 1361 2873 illas

185 2916 334 2983 rationes
363 2915 532 2985 adverbiis
560 2915 632 2982 sive
662 2914 836 2998 participio
865 2915 937 2981 sive
965 2916 1065 2984 verbo
1094 2915 1188 2981 finito
1221 2912 1361 2981 adiectis

186 3021 452 3101 illustravisse¹l
501 3022 698 3089 Kuehnerus
732 3041 812 3090 vero
847 3021 955 3088 minus
983 3027 1061 3104 apte
1089 3021 1179 3088 inter
1213 3021 1274 3088 illa
1306 3020 1361 3086 ad·

156 3183 158 3188 .
186 3130 304 3198 verbia
330 3130 488 3211 quasdam
517 3128 778 3212 praepositiones
807 3128 940 3213 retulit,
973 3148 1045 3195 cum
1074 3129 1137 3194 hac
1165 3133 1296 3194 tantum
1320 3125 1362 3191 ad

187 3236 402 3304 substantiva
432 3242 594 3320 spectent.
641 3236 697 3302 Ita
725 3236 749 3299 Ι
758 3240 857 3314 13,25
885 3252 925 3304 ἐπὶ
954 3249 1044 3321 λ’ύρου
1071 3250 1260 3317 βασιλεύοντος
1287 3233 1361 3312 (Cir.

188 3344 318 3425 112‚3;
342 3348 380 3411 at
408 3343 506 3409 VIII
519 3348 562 3408 3o·
585 3361 643 3424 pro
667 3360 708 3411 aa
732 3341 797 3408 iam
814 3361 925 3408 omnes
943 3341 1089 3408 editores
1113 3357 1151 3410 ru
1175 3339 1210 3406 in
1233 3344 1361 3406 textum

186 3454 398 3534 receperunt)
426 3449 625 3533 praepositio
654 3451 698 3516 ad
725 3463 814 3535 λάρον
842 3449 1004 3532 pertinet,
1035 3453 1069 3514 et
1098 3465 1293 3530 quamquam
1323 3462 1363 3514 ἐπὶ
1453 3471 1455 3476 ’

188 3573 278 3647 λύραν
301 3579 360 3641 per
384 3578 420 3625 se
443 3558 514 3624 fere
538 3557 625 3624 idem
654 3558 760 3640 valet,
791 3556 876 3637 quod
905 3569 994 3641 λ’ύροο
1022 3539 1223 3638 βασιλεύοντος,
1252 3560 1364 3620 tamen

189 3688 230 3734 ex
257 3666 387 3734 ratione
416 3683 516 3747 snpra
544 3667 577 3744 (ἓ
608 3662 675 3748 ab)
704 3663 855 3746 exposita
888 3662 1100 3746 participium
1135 3660 1364 3746 praedicative

188 3774 338 3842 additum
363 3778 429 3856 esi,
454 3773 549 3840 vellii
579 3771 715 3855 VI3,11
737 3787 807 3852 μετὰ
826 3785 997 3856 Συρακούσας
1016 3787 1185 3847 οἰκισθείσαις.
1231 3771 1279 3834 Ai]
1302 3769 1363 3833 hOG

189 3883 261 3948 1000
294 3881 392 3947 VIII
407 3885 487 3961 97,]·
512 3897 593 3949 ἐπὶ..
623 3899 679 3956 τοῖς
705 3895 877 3966 ἠγγελμένοις
904 3897 930 3948 oi
951 3892 1078 3965 Ἀθηναῖοι
1103 3900 1166 3955 ναῦς
1189 3892 1268 3946 εἴκοσι
1293 3894 1365 3956 ὅμως

189 4003 319 4075 ἐπλήρουν
339 4033 370 4042 -
397 4007 453 4065 τοῖς
470 4004 643 4074 ἠγγελμένοις
666 3985 869 4053 substantivi
892 3987 963 4052 1000
988 3992 1048 4061 esi,
1074 3992 1109 4052 ei
1132 3991 1210 4067 apte
1235 3984 1364 4050 Classe·

188 4093 265 4162 nius
288 4093 407 4163 vertit:
436 4099 549 4179 ‚muter
571 4094 640 4158 dem
663 4093 812 4158 eiadruclc
834 4094 937 4158 dieser
958 4091 1150 4158 unedricdt.“

282 4342 301 4412 ¹)
321 4343 398 4412 Quae
416 4340 544 4396 adverbia
558 4341 728 4410 Thucydides
748 4339 906 4401 adhibuerit,
926 4338 1045 4394 invenies
1064 4338 1135 4406 apud
1148 4336 1364 4392 BallrenlrollIum

190 4433 220 4504 (l.
240 4433 257 4489 l.
277 4436 306 4501 ἐξ
327 4434 360 4490 14
379 4437 407 4486 et
427 4430 485 4502 15);
505 4431 574 4486 addc
593 4433 631 4493 ὣς
649 4433 668 4485 I
677 4429 764 4499 7413.

1153 4537 1170 4592 3
