3182 4888
595 1251 994 1388 Praefatio.

302 1741 538 1852 Thucydidem
583 1768 744 1835 historiae
792 1768 880 1835 iuste
924 1767 1119 1835 scribendae
1163 1768 1381 1848 inventorem,

208 1934 280 1980 eum
304 1911 438 1996 ingenio
461 1911 504 1978 ad
527 1911 729 1979 brevitatem
753 1911 914 1978 orationis
939 1911 1146 1978 efficiendam
1169 1911 1380 1998 incitaretur,
1399 1883 1403 1889 Ι

207 2054 389 2138 quemlibet
423 2073 517 2122 usum
552 2076 573 2122 a
607 2073 718 2122 rerum
753 2054 985 2138 scriptoribus,
1025 2054 1230 2140 rhetoribus,
1270 2055 1381 2138 poetis

205 2198 369 2265 traditum
386 2217 451 2264 non
469 2174 573 2264 solum
590 2197 735 2264 libenter
751 2217 844 2264 suum
864 2197 996 2276 iecisse,
1021 2199 1080 2264 sed
1103 2197 1205 2265 etiam
1228 2198 1381 2280 quotiens

205 2362 223 2408 e
252 2360 289 2406 re
317 2340 388 2408 iore
415 2343 566 2423 putaret,
603 2341 753 2407 consulto
782 2339 916 2408 auxisse
945 2346 980 2408 et
1008 2341 1265 2426 amplificavisse
1291 2345 1380 2412 inter

204 2484 294 2553 viros
324 2485 439 2552 doctos
467 2487 616 2566 constat3
651 2502 756 2566 neque
783 2487 897 2550 tamen
932 2485 1067 2571 desunt,
1101 2447 1157 2568 qui
1186 2486 1379 2571 scriptorem

203 2630 373 2697 interdum
395 2629 430 2696 in
447 2627 645 2696 adhibendis
668 2628 856 2712 participiis
873 2629 982 2696 licitos
1006 2631 1089 2696 fines
1110 2649 1281 2715 egressum
1306 2651 1379 2699 esse

203 2773 415 2840 contendant.
465 2772 558 2856 Quod
581 2791 658 2838 num
678 2770 760 2888 (iure
783 2771 968 2837 affirmetur
996 2791 1062 2838 non
1091 2773 1175 2839 satis
1204 2773 1315 2839 elucet
1338 2793 1379 2840 ex

202 2915 442 2984 dissertatione
457 2914 725 3000 Balkenhollii¹),
750 2913 806 2997 qui
828 2891 955 2998 primus
978 2915 1019 2982 de
1042 2914 1293 2999 participiorum
1316 2936 1378 2983 usu

204 3057 411 3142 Thucydidio
448 3057 578 3140 copiose
613 3057 698 3141 egit,
738 3077 813 3124 uam
854 3077 927 3124 cum
962 3057 1253 3142 grammaticorum
1289 3079 1378 3126 more

201 3201 314 3270 varios
337 3219 417 3268 usus
442 3199 690 3267 enumeraverit
713 3203 814 3282 atque
839 3199 999 3282 exemplis
1021 3199 1254 3279 illustraverit,
1278 3201 1378 3268 facile

202 3345 331 3427 quidem
362 3343 589 3428 cognoscitur,
618 3342 676 3410 ubi
705 3341 848 3424 scriptor
875 3364 896 3410 a
919 3343 1121 3425 reliquorum
1149 3363 1298 3411 sermone
1326 3364 1377 3411 re-

201 3489 309 3565 cedat,
334 3485 468 3553 minime
485 3505 574 3570 vero,
599 3505 676 3573 num
701 3505 934 3567 nonuunquam
958 3486 1008 3553 ita
1028 3486 1193 3572 loquatur,
1218 3491 1256 3553 ut
1274 3487 1377 3554 Grae·

202 3649 311 3696 corum
342 3648 476 3696 sensum
505 3627 689 3696 offenderit.
741 3628 851 3711 Quare
880 3627 1070 3694 accuratius
1104 3647 1300 3711 quaeramus
1337 3632 1378 3697 de

199 3772 368 3856 participii
385 3771 506 3840 Graeci
529 3776 652 3840 natura
676 3775 817 3855 oportet,
841 3775 880 3838 ut
903 3773 967 3841 hac
990 3777 1149 3856 quantum
1172 3773 1244 3841 fieri
1266 3777 1378 3857 potest

199 3919 375 3998 perspecta
400 3915 496 3996 quasi
512 3934 662 3998 normam
684 3915 863 3982 habeamus
887 3915 922 3983 in
945 3916 1196 4001 participiorum
1212 3936 1273 3984 usu
1290 3918 1377 3984 Thu-

199 4058 330 4143 cydidio
369 4057 579 4126 illustrando
643 4055 869 4144 Classenius²)
909 4062 1059 4145 demum,
1104 4058 1254 4142 quamvis
1292 4078 1377 4141 quae

290 4326 312 4389 ¹)
332 4324 375 4378 De
398 4323 602 4406 participiorum
620 4340 672 4378 usu
692 4323 867 4393 Thucydidio.
904 4324 976 4379 Diss.
995 4325 1087 4396 inaug.
1125 4324 1277 4396 Gottingae
1297 4327 1375 4382 1882.

288 4432 309 4499 ²)
329 4431 554 4500 Betrachtungen
572 4429 641 4486 iiber
659 4429 711 4485 den
730 4431 801 4485 horn.
820 4431 1062 4501 sprachgebrauch.
1099 4432 1212 4486 Franks.
1234 4434 1312 4490 1867.
