3182 4888
701 248 919 310 ...12-

224 459 448 530 nonjcarrecrdr
467 458 597 522 εἰωθότα,
627 455 702 522 71,12
725 458 791 526 πρὸς
808 457 955 526 ἀνθρώπων
979 462 1030 510 τῶν
1057 459 1267 522 αἰσθανομένων,
1295 455 1398 524 13θ,12

224 567 396 635 ἀνδραπόδων
427 565 560 634 ὑποδοχὴν
592 569 643 616 τῶν
674 565 877 632 ἀφισταμένων,
912 565 946 616 JI
960 561 1041 629 34,ss
1070 569 1192 634 γυναῖκες
1222 567 1338 636 πάρεισιν
1370 569 1399 619 αἱ

223 674 398 743 apogaeum
427 702 459 710 -
495 655 553 724 vix
585 655 823 738 dubitabimus,
865 655 944 736 quin
977 655 1224 724 substantivum
1267 656 1398 738 quidem

224 763 344 846 ubique
388 764 601 846 premendum
648 762 712 847 sit,
759 762 817 828 sed
862 762 989 844 pariter
1032 762 1133 829 etiam
1175 763 1397 848 participium,

223 871 343 955 quippe
381 890 444 952 quc
484 871 614 937 demum
652 869 743 935 illius
777 869 867 936 notio
904 870 1005 937 certis
1043 869 1162 937 finibus
1195 871 1398 938 circumscri-

223 979 331 1046 batur.
401 979 521 1060 Itaque
572 983 604 1044 et
652 976 897 1046 substantivum
944 982 978 1044 et
1027 978 1239 1061 participium
1284 999 1398 1060 parem

223 1085 291 1154 vim
327 1086 462 1152 habent.
521 1085 601 1151 Cum
637 1103 715 1151 vero
751 1103 816 1150 nun
855 1085 1049 1160 habeamus,
1091 1085 1169 1166 quid
1207 1085 1397 1153 notionibus

223 1209 350 1279 ξύλλογον
370 1210 400 1276 (J
411 1207 495 1278 eall)
526 1199 561 1258 et
589 1210 761 1280 ἀνοραννωινν
786 1209 817 1276 (J
825 1205 936 1277 139,12)
966 1193 1083 1259 merite
1113 1213 1326 1276 opponamus
1358 1214 1398 1260 ac

222 1320 264 1366 ne
298 1300 436 1382 reliquis
466 1301 597 1382 quidem
625 1299 706 1366 locis
733 1315 834 1386 (μέρει,
864 1318 1024 1388 acapnum,
1053 1320 1186 1387 γυναῖκες)
1221 1301 1396 1383 quidquam

223 1427 473 1492 opponeremus,
511 1407 575 1474 uisi
611 1407 754 1490 scriptor
788 1407 855 1472 iam
889 1412 990 1474 antea
1025 1408 1212 1475 contrarias
1246 1408 1396 1475 notiones

224 1533 344 1602 (ἀθρόοι,
370 1535 455 1598 θεῶν,
479 1532 675 1600 ὁβοολόμενος
698 1533 740 1584 καὶ
764 1533 851 1585 ἀστῶν
874 1532 916 1585 καὶ
939 1531 1032 1600 ξένων)
1062 1517 1395 1602 tommenloravisset,

223 1623 362 1690 Braunii
385 1624 587 1692 sententiam
610 1644 675 1690 non
699 1624 875 1706 sequimur.

311 1734 342 1796 4.
366 1729 540 1813 Participii
556 1730 794 1798 additamentis
811 1730 969 1796 instructi
986 1731 1046 1796 has
1067 1730 1274 1812 potissimum
1299 1731 1397 1798 collo-

223 1838 370 1906 cationes
394 1839 481 1922 apud
506 1839 732 1922 Thucydidem
756 1839 955 1922 reperimus:

389 1954 418 2021 a)
437 1954 456 2006 I
464 1951 546 2020 15,13
565 1957 594 2014 ἐς
612 1956 656 2006 τὸν
675 1953 753 2006 πάλαι
772 1955 835 2006 ποτὲ
853 1954 993 2022 γενόμενον
1012 1953 1130 2019 πόλεμον.

312 2053 553 2121 additamenta
576 2059 655 2120 ante
677 2053 890 2137 participium
916 2053 1078 2120 collocata
1106 2054 1167 2119 hoc
1190 2055 1297 2138 magis
1321 2056 1396 2122 effe-

222 2161 326 2228 renda
361 2166 448 2228 sunt.
506 2162 632 2228 Eadem
673 2162 714 2228 de
752 2181 852 2228 causa
885 2177 1046 2244 καλούμενος
1078 2161 1269 2244 plerumque
1305 2162 1396 2229 addi-

222 2272 405 2334 tamentum
431 2269 597 2350 sequitur3
622 2268 679 2334 cfr.
705 2268 828 2335 Braun.
853 2268 875 2333 i.
891 2269 912 2333 1.

385 2381 416 2452 β)
434 2385 454 2436 I
458 2380 533 2449 905.
554 2385 706 2453 ἐφοβοῦντο
719 2385 766 2454 τὴν
779 2385 808 2444 ἐς
826 2385 870 2436 τάν
885 2381 996 2454 Μηδικὸν
1010 2383 1122 2449 πόλεμον
1137 2383 1233 2449 τόλμαν
1246 2387 1396 2455 γενομένην.

310 2483 418 2550 Huius
446 2483 534 2550 modi
560 2483 759 2550 traiectione
784 2484 995 2567 Thucydides
1024 2483 1156 2566 saepius
1189 2484 1296 2550 utitur
1320 2482 1395 2570 (cf.

222 2591 363 2672 [rrae.
399 2591 561 2674 lirare.
597 2591 779 2668 [Isarae.
816 2593 900 2676 aaa
931 2590 1396 2675 ea,a.cr,11)e0f0rtasse

223 2699 374 2783 consilio,
411 2704 448 2765 ut
483 2698 686 2767 substantivi
720 2698 803 2783 vim,
840 2717 913 2764 cum
948 2697 1054 2780 magis
1090 2698 1287 2781 necopinato
1316 2703 1397 2766 aute

221 2806 432 2888 participium
461 2810 619 2888 ponatur,
650 2809 780 2888 augeat.
829 2805 1170 2874 Animadvertendum
1198 2810 1309 2872 autem
1334 2810 1395 2890 est,

222 2914 352 2996 saepius
376 2914 554 2997 participia
576 2931 720 3000 γενόμενος
738 2919 773 2980 et
792 2929 839 2998 ον,
865 2933 950 2996 quae
973 2933 1032 2995 per
1055 2932 1091 2979 se
1115 2913 1199 2979 nihil
1220 2913 1299 2982 novi
1322 2933 1397 2979 con·

221 3021 341 3106 tinent,
367 3021 415 3087 sic
439 3021 606 3087 collocari.

385 3137 416 3206 y)
435 3134 555 3202 ΙΙΙό,18.
585 3140 601 3206 ἡ
621 3135 759 3206 ἀκρόπολις
777 3139 793 3206 ἡ
813 3140 856 3188 νῦν
876 3135 951 3188 οὖσα.

309 3235 492 3320 Participic
516 3235 601 3302 nihil
625 3235 703 3302 navi
726 3235 937 3318 prepeditum
963 3235 1022 3301 cfr.
1048 3255 1147 3317 supra
1172 3241 1200 3300 2.

385 3351 414 3419 ὃ)
433 3348 568 3416 lVlO7,6'.
589 3353 635 3421 τὴν
654 3351 822 3421 προύχουσαν
842 3348 923 3421 ἄκραν
942 3351 993 3403 ἀπὸ
1013 3356 1060 3403 τοῦ
1080 3353 1190 3422 τειξζοος.

309 3451 528 3533 Participium
552 3450 659 3536 magis
683 3449 846 3531 premitur
870 3470 966 3532 quam
990 3450 1230 3517 additamenta.

389 3573 415 3642 ε)
433 3558 495 3624 Η18
519 3558 601 3624 lOCiS
625 3572 745 3640 Vm.
767 3580 853 3628 ταῦτα
877 3577 907 3626 ἀὲ
927 3573 959 3627 τά
979 3576 1041 3626 ἀέκα
1061 3573 1108 3645 έτη
1128 3577 1142 3626 ὁ
1162 3579 1266 3644 πρῶτος
1284 3573 1398 3639 πόλεμος

433 3682 550 3752 ξυνεχῶς
568 3682 711 3751 γενόμενος
728 3684 876 3752 γέγραπται
897 3668 932 3730 eb
957 3678 1090 3747 Vldiyd.
1111 3679 1176 3734 εἶναι
1195 3683 1224 3733 ἀὲ
1238 3685 1321 3734 ταῦτα
1334 3682 1397 3744 τοὺς

433 3788 631 3858 ξονάράοαντας
652 3816 681 3826 -

219 3899 285 3946 nou
313 3881 381 3946 tam
411 3879 596 3960 quaesitam
631 3899 728 3961 qnam
763 3899 843 3946 casu
879 3879 1029 3947 effectam
1061 3898 1134 3948 esse
1163 3879 1395 3947 traiectionem

219 3987 420 4072 putaverim,
457 4005 530 4052 cum
566 3986 624 4054 vix
658 3987 897 4072 perspiciatur,
934 4007 992 4054 cur
1027 3987 1255 4054 additamenta
1290 3987 1396 4072 magis

220 4095 402 4162 efferantur
437 4113 533 4175 quam
571 4093 767 4179 participia,
806 4099 842 4160 et
876 4094 1073 4162 insolentior
1108 4096 1281 4164 verborum
1317 4098 1395 4164 ordo
1496 4094 1501 4100 '
1581 4073 1582 4104 ¹

220 4202 376 4269 videatur
405 4206 498 4268 ortus
528 4220 601 4268 esse
630 4222 671 4268 ex
700 4201 900 4269 difficultate
917 4203 1070 4284 quadam
1100 4201 1290 4271 sententiae
1318 4212 1396 4288 apte

221 4329 293 4376 cum
317 4311 539 4391 praecedente
563 4309 758 4376 nectendas.

312 4420 341 4480 5.
366 4415 439 4482 Due
469 4415 637 4484 attributa
662 4416 768 4484 eidem
793 4416 1002 4485 substantivo
1026 4415 1160 4484 adiecta
1183 4421 1241 4484 aut
1262 4437 1396 4500 prorsus
1476 4429 1479 4434 “
1581 4391 1582 4432 ³
