3182 4888
703 211 920 276 ..]8,-

226 401 406 471 Praeterea
439 423 498 488 pro
533 404 585 470 his
620 403 778 473 infinitivi
813 405 954 472 articulo
989 424 1019 475 ου
1052 405 1208 474 instructi
1242 409 1396 492 usurpari

226 515 403 593 nequeunt.
450 513 543 579 Haec
566 496 744 596 participia
766 513 817 580 ita
841 513 1069 580 enumeraturi
1093 535 1213 594 sumus
1238 522 1277 582 ut

314 618 512 701 apprimum
541 639 581 686 ea
609 639 847 704 proponamus,
883 639 968 700 quae
1003 620 1073 687 fere
1101 626 1213 689 nostro
1249 641 1399 691 sermone

225 725 448 795 substantivis
472 724 652 793 abstractis
676 727 871 802 redduntur,

314 831 350 917 b)
375 832 493 900 deiude
523 852 576 917 ea,
606 851 689 914 quae
718 852 772 900 res
795 833 851 901 vel
880 833 1028 900 homines
1058 838 1167 901 certos
1196 835 1397 919 significant.

280 943 315 1018 a)
331 945 359 1005 1.
384 955 436 1026 (ορ
455 956 529 1025 aava).
577 941 689 1008 Solum
713 959 742 1010 ου
762 960 790 1010 a
815 942 901 1023 apud
926 941 1154 1024 Thucydidem
1183 963 1249 1010 non
1272 949 1398 1023 exstat;

385 1048 443 1114 sed
467 1047 786 1131 1113,521egimus
810 1066 839 1116 ου
863 1067 891 1116 ιο
915 1063 1018 1135 concap
1040 1065 1077 1116 υο.
1124 1050 1273 1132 Apparet
1296 1051 1339 1116 ad
1367 1069 1397 1118 ου

289 1167 293 1170 ’
384 1153 595 1236 cogitandum
631 1173 703 1220 esso
738 1154 807 1222 fere
833 1173 918 1241 μέρος
945 1176 992 1224 τοο
1019 1171 1120 1224 zoaran.
1173 1156 1252 1222 (ium
1287 1163 1398 1223 autem

384 1281 421 1348 τῷ
441 1279 494 1330 aba
519 1261 565 1327 sit
589 1281 635 1346 ,re
658 1261 765 1344 vera‘,
795 1281 902 1342 neque
927 1262 1124 1347 sentiamus
1155 1283 1316 1344 quaenam
1344 1285 1397 1330 res

383 1371 425 1435 ad
454 1387 491 1456 τῷ
518 1369 636 1436 morito
672 1368 968 1453 subintellegatur‚
1004 1369 1154 1451 equidem
1189 1369 1300 1436 malim
1335 1371 1396 1436 hoc

382 1477 595 1560 participium
612 1473 712 1543 antea
728 1477 905 1560 propositis
921 1477 1139 1543 adnumerare
1161 1481 1196 1542 et
1219 1477 1395 1544 subaudire

382 1584 550 1651 notionem
578 1589 696 1651 status.
743 1585 827 1650 Nam
854 1583 944 1650 inter
968 1603 997 1652 ου
1017 1600 1082 1653 aaa
1106 1589 1141 1650 et
1168 1603 1198 1653 ου
1217 1603 1246 1653 ιο
1269 1584 1397 1667 pariter

384 1696 484 1774 atque
513 1691 602 1758 inter
631 1711 661 1762 ου
678 1711 765 1774 ausa
789 1696 825 1758 et
848 1710 878 1760 ου
895 1710 974 1774 μέοοο
997 1691 1119 1758 iterum
1144 1692 1205 1757 hoo
1232 1691 1396 1758 interesse

384 1800 551 1884 existima,
576 1801 661 1881 quod
684 1799 894 1881 participium
919 1802 1059 1882 statum,
1089 1798 1144 1879 qui
1168 1816 1204 1864 re
1227 1817 1309 1866 vera
1333 1805 1395 1882 est,

382 1907 569 1974 infinitivus
585 1926 668 1992 enirn,
687 1905 742 1987 qui
759 1925 832 1973 esse
847 1910 968 1988 potest,
986 1904 1163 1988 significat.
1202 1904 1396 1972 Diiudioare

382 2033 448 2080 non
477 2017 596 2096 audeo,
625 2019 736 2080 utrum
766 2013 856 2080 notio
885 2017 994 2080 status
1022 2033 1065 2079 an
1094 2017 1206 2079 certae
1234 2013 1394 2093 quaedam

382 2142 437 2188 res
454 2121 651 2206 cogitandae
669 2121 737 2186 sint
753 2121 794 2188 ad
811 2121 985 2188 articulum
1001 2121 1116 2186 horum
1129 2118 1394 2203 participiorum:

382 2247 412 2298 τδ
432 2247 549 2316 ὑπάρχον
573 2275 607 2283 -
633 2247 662 2298 τι)
682 2245 764 2315 παρόν
789 2274 822 2284 -
846 2247 876 2296 τδ
899 2244 994 2309 μέλλον
1013 2249 1061 2297 τοὺ
1079 2243 1194 2308 πολέμου
1219 2273 1253 2280 -
1272 2245 1302 2296 τὺ
1321 2244 1395 2312 γενό-

379 2371 459 2418 μενον
479 2351 678 2423 Ι(γενησόμενον)
707 2382 742 2388 -
771 2354 800 2404 τὺ
824 2353 1026 2422 παρατυγχάνον
1056 2381 1088 2389 -
1117 2353 1147 2404 τὺ
1171 2351 1274 2417 ἀποβάν
1303 2377 1336 2390 ·-
1365 2353 1395 2404 τὸ

381 2461 524 2528 ξυμβαῖνον
536 2489 566 2500 -
579 2461 609 2512 τὺ
619 2460 782 2530 καδεστηκός
793 2489 825 2498 -
837 2461 866 2512 τὺ
877 2459 1061 2529 ξυγκειμένους
1075 2442 1131 2508 Cfr.
1139 2442 1266 2508 Baikl.
1275 2443 1295 2506 l.
1304 2461 1335 2522 p.
1344 2447 1358 2506 l
1367 2447 1394 2506 l.

381 2551 500 2620 Omnia
515 2551 575 2618 illa
591 2552 695 2619 verba
711 2552 771 2617 sub
790 2551 957 2618 notionem
974 2550 1160 2632 generalem
1178 2565 1243 2618 εῖιοο
1260 2544 1394 2616 cadunt.

326 2663 355 2723 2.
381 2661 571 2740 Sequuntur
593 2657 781 2742 participia,
805 2677 889 2738 quae
904 2657 1076 2740 pertinent
1091 2658 1133 2724 ad
1150 2658 1254 2724 verba
1276 2656 1395 2738 imper·

381 2765 543 2832 sonaliter
566 2766 621 2834 vel
645 2766 797 2832 absolute
821 2773 995 2847 usurpata:
1026 2839 1031 2844 ¹

435 2891 465 2942 τδ
484 2889 636 2959 ἔυνενεγιιὺν
654 2918 688 2924 —-
708 2890 738 2942 τὺ
753 2889 889 2958 ξυμφέρον
908 2917 942 2924 -
961 2889 990 2940 τὺ
1011 2888 1079 2948 εἰκάς
1097 2916 1132 2925 ·-
1152 2883 1190 2955 (ἐν
1204 2887 1304 2956 δέοντι)
1317 2915 1349 2924 -
1363 2888 1394 2938 τὺ

382 2978 475 3048 δοκοῦν
494 3025 528 3033 —
547 2998 577 3049 τδ
597 2993 677 3056 δόξαν
696 3025 730 3032 -
750 2997 779 3048 τὺ
799 2997 959 3064 δεδογμένον
977 3023 1012 3031 -
1031 2996 1061 3047 τὸ
1079 2994 1175 3046 λυποῦν
1196 3023 1229 3032 -
1249 2996 1279 3048 τὺ
1298 2994 1393 3064 ἡδονὴν

380 3102 442 3174 ἔχον
460 3132 495 3140 -
515 3104 552 3173 τῷ
565 3102 705 3155 έλλείποντι
719 3103 802 3172 αὑτῆς
820 3085 936 3164 (8ολ101.
951 3101 1080 3170 ἐλλείψει)
1101 3131 1132 3139 -
1153 3103 1181 3153 ἐκ
1200 3105 1247 3153 τοὺ
1260 3102 1395 3172 περιόντος

381 3194 487 3276 (schol
505 3213 534 3262 ἐκ
552 3215 599 3262 τοῦ
619 3209 841 3280 ὑπερβάλλοντος)
865 3237 898 3249 -
922 3211 959 3279 τῷ
982 3209 1169 3279 ὑπερβάλλοντι
1189 3210 1275 3262 αὐτῶν
1305 3237 1336 3248 -
1366 3211 1394 3260 έν

380 3318 418 3386 τῷ
443 3316 622 3370 διαλλάσσοντι
647 3324 695 3387 τῆς
717 3318 823 3387 γνώμης
852 3346 883 3354 -
912 3319 942 3369 τὸ
966 3317 1008 3368 ἀεὶ
1031 3321 1153 3386 παρεῖκον
1172 3321 1220 3369 τοῦ
1238 3316 1395 3387 κρημυλδους

380 3431 427 3495 τῆς
445 3425 533 3495 νήσου.

279 3515 356 3592 b)l·
383 3535 412 3585 τὺ
437 3533 565 3603 ὑπερέχον
594 3538 645 3585 τῶν
669 3533 790 3585 ἐναντίων
819 3562 851 3570 -
881 3533 919 3602 τῷ
947 3533 1060 3604 περιόντι
1084 3537 1132 3585 τοῦ
1159 3535 1274 3602 στρατοῦ
1303 3560 1334 3569 -
1364 3531 1393 3583 τδ

380 3641 495 3710 προέχον
518 3646 565 3709 τῆς
588 3639 703 3709 ἐμβολῆς
732 3669 764 3676 -
793 3641 822 3692 τὺ
844 3640 994 3710 μαχόμενον
1018 3638 1066 3708 (sc.
1084 3642 1168 3710 μέρος
1186 3645 1237 3693 τῶν
1256 3637 1394 3706 Βοιωτῶν)

379 3730 437 3794 Cfl'.
468 3749 497 3799 τι)
523 3748 602 3817 μήπω
628 3749 814 3817 μεμαχημένον
843 3776 875 3785 -
907 3749 936 3799 τὺ
965 3747 1126 3814 βουλόμενον
1153 3746 1203 3815 (sc.
1231 3749 1315 3818 μέρος
1342 3751 1393 3799 τῶν

379 3853 504 3918 acinam
534 3857 610 3904 llam
639 3842 739 3904 δῐλὺθᾶ
766 3837 891 3920 legitur
914 3855 944 3924 ἦν
968 3875 991 3906 τι
1014 3854 1197 3923 βουλόμενον).
1244 3839 1395 3919 ΑΙΨᾶΓθὺ

380 3946 423 4011 ad
451 3945 512 4012 illa
539 3943 718 4028 participia
743 3963 828 4032 μέρος
854 3947 909 4013 vel
945 3945 1053 4012 simile
1082 3939 1167 4027 'quid
1202 3945 1394 4012 subintelle-

380 4051 523 4134 gendum
547 4069 630 4118 esse.

323 4165 353 4226 2.
378 4177 408 4228 τδ
435 4177 586 4246 δεραπεὺον
616 4202 648 4213 -·
677 4177 707 4228 τὸ
735 4174 852 4228 κωλῦσον
884 4203 915 4212 -
948 4175 1035 4244 ὀλίγον
1064 4175 1121 4248 δῆν
1150 4179 1179 4230 τὸ
1207 4181 1328 4230 πιστεῦον
1356 4177 1393 4246 τῷ

376 4279 544 4353 Ἑρμοκράτει
563 4283 604 4334 καὶ
625 4284 792 4350 φοβούμενον
812 4285 841 4335 τὺ
858 4283 953 4347 μέλλον
983 4312 1013 4322 -
1044 4286 1073 4336 τὺ
1096 4286 1133 4355 μὴ
1153 4285 1255 4338 ὑπεῖκον
1282 4311 1316 4323 -·
1346 4287 1393 4336 τοὺ

381 4390 496 4451 εὑιοντος
513 4419 548 4426 -
568 4392 597 4442 τδ
617 4392 696 4444 ἐπιόν.
