3182 4888
662 211 882 277 ...20ss

277 423 347 492 V7‚7
357 424 388 477 od
401 422 436 492 βο
447 421 670 489 υλόμενοςαύτοὺς
680 423 722 476 διὰ
736 425 765 475 τι)
779 423 806 475 ἐν
817 425 853 492 τῷ
864 425 937 493 αὐτῷ
948 425 1116 494 καθημένους
1126 463 1132 476 .
1144 463 1150 476 .
1162 464 1168 476 .
1181 423 1356 495 βαρύνεσθαι.

183 517 266 583 Nam
288 535 360 582 cum
381 516 601 598 praecedente
623 533 652 584 ιι)
675 513 856 582 infinitivos
882 535 1002 600 παριῖιιι
1027 520 1061 580 et
1078 534 1215 601 ,καθῆσθαι
1242 535 1356 599 exspe-

184 626 321 708 ctemuS,
335 621 896 706 participialcgentesitasencimus,
912 621 1005 702 quasi
1016 621 1157 704 scriptor
1166 623 1274 704 priore
1285 624 1356 690 loco

182 751 241 813 pro
258 747 300 799 aa
314 749 343 800 ιι)
357 729 545 812 scripsisset
559 746 601 798 aa
615 745 684 808 τούς,
697 730 804 795 altero
818 728 946 794 omnino
959 748 1025 794 non
1037 746 1080 798 aa
1093 748 1123 798 τὸ
1136 730 1355 797 adhibuisset.

182 837 317 904 Pariter
333 837 403 904 fere
419 854 473 902 res
486 854 559 902 sese
574 837 677 902 habet
692 837 754 901 hoc
770 837 840 901 loco
861 848 1021 918 clareat)
1039 853 1096 922 aaa
1115 855 1141 904 oe
1153 851 1354 924 Πελιιιιιιῆιιιι

183 960 226 1013 διὰ
245 964 275 1014 τι)
294 963 472 1032 κρατήσαντες
484 961 572 1020 ἀδεῶς
585 957 657 1012 ἄλλοι
671 957 749 1029 ἄλλην
763 963 825 1011 ναῦν
839 960 977 1019 διώκοντες
993 957 1107 1029 ἤρξαντο
1118 961 1194 1030 μέρει
1215 961 1260 1012 τινὶ
1280 966 1355 1029 σφῶν

183 1069 353 1139 araneam
363 1070 497 1138 paeana.
522 1049 607 1117 Levi
620 1055 750 1116 tantum
763 1069 878 1116 seusus
891 1049 1080 1118 discrimine
1086 1057 1202 1118 auctor
1210 1051 1354 1118 seribere

182 1159 291 1241 potuit
315 1163 373 1225 aut
398 1175 440 1228 aaa
465 1177 494 1227 a
518 1176 749 1244 ιριιήσιιιις...
770 1174 870 1226 amaa
894 1159 995 1238 (quod
1018 1157 1200 1225 deteriores
1224 1164 1354 1225 tantum

183 1267 312 1334 codices
326 1262 506 1352 exhibent),
521 1271 579 1332 aut
592 1283 634 1334 aaa
647 1284 677 1335 τι)
689 1289 817 1352 zaoram
828 1321 852 1334 ..
867 1284 1014 1343 ὃιιιιιιιες.
1044 1266 1153 1349 Quare
1167 1266 1353 1350 statuimus,

182 1374 376 1457 scriptorem
393 1374 534 1440 fortasse
551 1394 571 1440 a
586 1366 752 1456 proposito
775 1375 984 1440 aberrantem
1009 1391 1148 1450 διώκοντες
1171 1374 1352 1458 scripsisse,

183 1501 255 1546 cum
278 1485 423 1566 putaret,
449 1499 485 1546 sc
510 1485 611 1547 antea
634 1479 798 1547 infinitivo
822 1503 950 1567 ιριιῇιιιι
973 1499 1067 1546 usum
1091 1499 1173 1547 esse.
1329 1483 1334 1492 ’

272 1588 431 1671 Quoniam
461 1588 566 1672 igitur
593 1587 713 1654 erroris
743 1607 825 1654 ansa
860 1586 941 1654 locis
970 1587 1149 1670 adscriptis
1176 1588 1354 1655 manifesta

183 1699 244 1778 est,
262 1695 333 1762 iure
349 1696 430 1761 mihi
446 1695 562 1762 videor
578 1695 788 1780 contendere,
805 1695 1001 1762 insolentem
1019 1695 1175 1776 loquendi
1191 1695 1353 1762 rationem

181 1802 388 1869 referendam
414 1823 487 1869 esse
511 1804 554 1869 ad
578 1804 680 1869 solam
704 1803 953 1886 neglegentiam
983 1803 1054 1870 sive
1083 1802 1256 1886 scriptoris
1284 1803 1354 1869 sive

182 1908 320 1984 librarii,
341 1909 478 1976 minime
502 1928 581 1978 vero
606 1910 647 1976 ad
671 1909 837 1976 inscitiam
864 1911 1038 1991 quandam,
1067 1929 1164 1991 quam
1188 1909 1354 1992 Hauptius
1380 1999 1381 2002 Ἴ

183 2015 369 2098 Thucydidi
393 2016 527 2083 videtur
550 2016 721 2082 vindicare
745 2035 816 2082 cum
841 2016 958 2082 scribit
983 2016 1218 2100 „Thucydidem
1242 2017 1355 2082 tacturi

180 2125 272 2204 quast
296 2143 364 2188 cala
386 2144 526 2188 serraoae
548 2122 706 2205 multaque
729 2125 927 2202 committere,
956 2145 1033 2205 quae
1057 2126 1202 2188 excusari
1218 2127 1353 2205 possint,

183 2229 306 2295 teodori
334 2237 435 2295 ooteoa
465 2237 493 2294 et
521 2237 667 2312 telaquaoc
690 2233 849 2312 perfectae
877 2233 958 2296 ortis
986 2229 1124 2311 exempla
1148 2233 1355 2296 commendari

181 2339 358 2418 aseottqaam
386 2337 545 2403 debeant.“
596 2338 736 2404 Auctori
766 2337 867 2422 enlm,
901 2338 956 2419 qui
984 2338 1232 2422 participiorum
1259 2358 1353 2405 usum

183 2463 308 2512 summa
336 2463 407 2510 cum
437 2450 510 2512 arte
539 2445 790 2529 amplificaverit
819 2451 853 2512 et
883 2445 1080 2529 excoluerit,
1116 2446 1199 2512 satis
1234 2445 1350 2512 iudicii

181 2550 284 2617 fuisse
310 2554 489 2619 concedere
513 2553 680 2632 debemus,
705 2559 743 2618 ut
766 2558 927 2634 quatenus
952 2551 1110 2618 sermonis
1133 2553 1188 2620 rel
1212 2553 1352 2619 rationis

182 2657 311 2740 legibus
339 2659 483 2726 servatis
512 2659 546 2725 ia
573 2660 769 2726 adhibendis
800 2659 986 2741 participiis
1014 2660 1191 2740 procedere
1224 2659 1353 2739 liceret,

181 2784 317 2846 prorsus
345 2766 560 2848 perspiceret.
608 2767 816 2850 Quapropter
846 2767 876 2833 ei
901 2786 1033 2850 operam
1057 2771 1091 2833 et
1115 2767 1219 2832 oleum
1243 2767 1353 2849 perdi-

183 2871 272 2938 disse
295 2872 377 2937 mihi
400 2873 529 2953 quidem
553 2873 721 2958 videntur,
751 2873 816 2958 qui,
847 2876 941 2941 velut
964 2874 1122 2958 Hachius
1148 2874 1352 2958 corrigendo,

183 2980 322 3045 delendo
347 2979 536 3045 coniciendo
560 2979 635 3046 illos
660 2980 748 3046 locos
774 2983 948 3047 emendare
973 2981 1083 3047 conati
1107 2985 1195 3064 sunt,
1219 2981 1275 3049 vel
1299 2981 1354 3062 qui

183 3086 251 3152 illis
272 3085 353 3152 locis
375 3086 439 3152 nisi
461 3103 503 3156 aa
523 3106 552 3156 ιι)
572 3107 631 3170 pro
649 3105 691 3156 aco
710 3109 788 3156 τοῦτο
807 3088 930 3154 dictum
957 3108 1030 3154 esse
1054 3092 1098 3172 et,
1123 3093 1161 3152 ut
1185 3106 1224 3164 ιἰς
1247 3087 1354 3154 subie-

185 3193 317 3276 ctivam,
343 3193 393 3260 ita
416 3193 483 3260 illis
499 3194 626 3292 voculis
650 3195 824 3276 participio
850 3195 974 3262 additis
998 3194 1195 3262 obieetivam
1220 3214 1353 3262 causam

182 3300 326 3367 indicari
351 3303 604 3367 contenderunt.

272 3407 307 3492 b)
335 3408 496 3475 Libenter
525 3406 683 3493 Haasio¹)
718 3409 904 3492 adstipulor
939 3409 1139 3493 disputanti,
1175 3407 1352 3492 participio

183 3515 324 3582 articulo
352 3534 382 3584 a
414 3516 578 3583 instructo
614 3517 814 3584 adiectivum
844 3536 908 3582 non
935 3535 1031 3598 posse
1059 3517 1196 3601 adiungi
1231 3522 1266 3583 et
1293 3537 1352 3600 pro

182 3622 307 3688 tradito
336 3641 363 3690 a
391 3641 428 3708 τῷ
456 3641 551 3710 rapa
578 3641 692 3700 ἀξιιῡιιι
721 3623 930 3690 scribendum
960 3643 1032 3690 esse
1061 3641 1151 3700 ἀξιοῡι
1179 3661 1210 3694 ιι.
1262 3624 1354 3707 Quae

182 3749 263 3796 vero
299 3728 471 3811 disseruit,
507 3735 545 3794 ut
579 3731 675 3796 huius
703 3731 753 3796 rei
782 3751 899 3798 causas
932 3735 1143 3814 proponeret,
1180 3730 1354 3798 subtiliora

182 3857 279 3917 quam
307 3836 439 3904 veriora
467 3837 624 3905 videatur
653 3857 735 3904 esse.
783 3838 888 3904 Multo
918 3838 1097 3920 simplicior
1125 3839 1242 3904 saltem
1270 3839 1353 3904 haec

182 3943 396 4010 ratiocinatio
431 3950 492 4010 est.
553 3945 659 4026 Supra
693 3945 757 4010 iam
794 3944 951 4030 diximuS,
991 3945 1150 4012 adiectivi
1184 3944 1353 4010 notionem

182 4050 282 4116 latius
317 4057 432 4132 patere
466 4071 562 4132 quam
591 4050 769 4133 participii.
826 4051 935 4134 Quare
970 4053 1147 4118 absurdum
1185 4056 1288 4128 esset,
1325 4052 1353 4118 si

182 4157 355 4240 angustior
383 4158 473 4224 notio
502 4158 622 4226 latiore
651 4157 858 4236 definiretur,
889 4162 988 4240 atque
1016 4158 1241 4241 unusquisque
1264 4159 1352 4226 iusto

272 4385 294 4455 ¹)
313 4387 330 4442 l.
349 4387 367 4440 l.
386 4403 450 4457 pag.
470 4390 504 4444 38
523 4405 579 4458 sqq.
