3182 4888
599 276 819 339 ..29-

119 469 404 554 reputaverimus,
435 470 580 538 Graecos
607 469 794 553 participiis
817 468 1036 554 indicavisse,
1066 469 1214 536 actiones
1237 471 1294 540 vel

118 577 329 644 condiciones
357 577 425 642 iliis
453 577 639 659 propositas
662 598 699 644 re
727 596 809 645 vora
833 595 905 643 esse
929 581 1029 658 atque
1052 595 1119 644 una
1143 597 1215 644 cum
1238 599 1294 646 no-

117 685 218 767 mine,
244 685 286 752 ad
304 685 388 766 quod
405 689 570 769 spectant*
596 684 748 770 cogitari,
774 688 892 750 contra
907 683 1094 761 infinitivis
1119 684 1197 751 illas
1214 704 1293 752 non·

117 794 197 858 dum
220 797 258 858 ut
285 791 466 872 qualitates
494 791 704 860 substantivo
734 791 923 873 inhaerere,
954 796 1054 872 atque
1083 791 1112 858 si
1140 797 1295 874 praetera

117 897 351 976 statderimuS‚
386 898 471 964 illud
506 898 684 964 discrimen
720 919 740 965 a
775 897 868 964 nobis
902 898 1006 964 multo
1036 883 1144 965 minus
1180 905 1294 982 aperte

117 1005 242 1072 sentiri
265 1025 361 1087 quam
385 1005 569 1090 aGraeciS,
594 1024 700 1088 paene
721 1005 869 1087 ineptum
886 1004 1064 1089 videbitur,
1090 1006 1294 1088 Thucydidis

117 1113 522 1198 sermonemjemendare,
558 1131 631 1178 cum
660 1111 813 1178 nimirum
842 1111 962 1192 ubique
998 1113 1147 1178 consulto
1182 1117 1291 1196 aptam

117 1223 325 1286 structuram
359 1217 559 1284 adhibuerit.
619 1219 775 1300 Sequitur
811 1217 941 1298 quidem
975 1238 1016 1284 ex
1051 1219 1294 1302 significatione

119 1326 327 1409 quorundum
344 1327 530 1409 Verborum,
547 1325 642 1391 velut
658 1340 818 1413 adpioxetu‚¹)
833 1342 1028 1410 ιλιαφαίνεσιλαι,
1043 1341 1121 1413 δῆλον
1134 1341 1199 1396 εἶναι
1219 1331 1294 1410 eim,

118 1433 325 1502 infinitivum
349 1433 436 1514 apud
460 1453 499 1498 ea
523 1433 628 1499 locum
652 1433 775 1498 habere
799 1451 862 1498 non
887 1452 993 1518 posse,
1018 1453 1090 1500 cum
1115 1435 1293 1502 absurdum

117 1542 166 1608 sit
202 1539 361 1607 eiusmodi
393 1539 505 1606 verbis
537 1539 603 1633 uti,
638 1539 667 1605 si
699 1539 740 1604 de
769 1540 867 1606 rebus
902 1539 1010 1606 minus
1040 1541 1141 1606 certis
1165 1541 1294 1624 agitur;

118 1649 180 1715 sed
205 1647 274 1714 alia
297 1649 400 1713 verba
423 1665 480 1712 eas
503 1648 665 1728 praebent
682 1645 953 1732 significationes
978 1652 1016 1714 ut
1038 1651 1176 1731 percpi-e
1200 1651 1295 1715 modo

117 1753 306 1822 infinitivus
334 1755 428 1820 modo
457 1753 668 1837 participium
701 1773 742 1820 ex
772 1754 820 1820 eis
847 1755 1001 1836 pendeat.
1049 1755 1158 1838 Quare
1185 1757 1296 1838 potius

115 1867 226 1930 artem
262 1861 434 1944 scriptoris
468 1881 564 1943 quam
599 1861 844 1946 neglegentiam
880 1861 928 1928 eis
963 1861 1043 1928 locis
1079 1881 1295 1946 agnoscamus

116 1973 265 2054 oportet,
294 1969 412 2050 quibus
442 1990 462 2036 a
490 1969 653 2036 communi
682 1969 837 2050 loquendi
860 1988 921 2036 usu
938 1965 1106 2038 'recedere
1130 1953 1294 2038 videatur.

12 2121 14 2128 ,
115 2075 283 2144 Hachiunr
307 2081 442 2142 secutus
464 2075 605 2159 primum
630 2095 686 2142 eos
710 2076 798 2142 locos
821 2076 966 2161 afferam,
991 2075 1108 2158 quibus

213 2186 247 2261 a)
273 2182 484 2266 participium
509 2183 708 2250 insolentius
731 2182 866 2251 videtur
890 2203 971 2252 esse.

209 2303 319 2371 132,15
332 2309 498 2377 περιέστηκεν
511 2310 527 2378 ἡ
541 2309 656 2359 δοκούσα
670 2309 742 2376 ἡμῶν
756 2307 884 2378 πρότερον
899 2307 1113 2378 σωφροσύνη...
1127 2312 1169 2360 νῦν
1183 2308 1296 2376 ἀβουλία

115 2416 160 2467 καί
174 2415 301 2466 ἀσθένεια
316 2416 468 2484 φαινομένη.
505 2399 584 2464 Cum
608 2417 776 2485 περιέστηκεν
801 2398 901 2464 eiiam
919 2399 1145 2466 condicionem
1163 2419 1296 2466 mallen·

116 2513 188 2571 tem
212 2504 347 2582 indicet,
371 2504 583 2587 participium
599 2525 665 2571 non
689 2505 795 2588 magis
819 2505 956 2572 offendit
972 2526 1068 2587 quam
1086 2509 1174 2590 apud
1191 2509 1295 2575 verba

117 2629 303 2698 διαγίγνεσθαι
328 2617 390 2678 etc.
418 2615 452 2692 (ξ
478 2617 577 2694 73ηα).

210 2736 228 2788 Ι
235 2733 315 2802 73‚l2
333 2736 365 2788 τὰ
385 2737 415 2788 δὲ
428 2733 527 2806 Μηδικὰ
538 2775 544 2787 .
556 2774 562 2787 .
574 2775 589 2800 .,
610 2736 686 2788 εἶκαὶ
700 2733 815 2806 δι’ύχλοο
831 2736 930 2801 μᾶλλον
944 2736 1017 2789 ἔσται
1031 2737 1072 2789 ἀεὶ
1085 2735 1295 2807 προβαλλόμενα,

117 2842 221 2911 ἀνάγκη
240 2841 333 2912 λέγειν.
373 2827 470 2892 Hunc
486 2827 593 2892 locum
610 2846 675 2893 non
693 2826 882 2909 discrepare
904 2831 983 2909 puto
1007 2829 1049 2894 ab
1072 2829 1148 2894 hoc:
1174 2845 1200 2896 ot
1219 2845 1297 2912 ιπνης

118 2947 250 3018 ὠφέλιμοι
269 2949 335 3018 ἦσαν
355 2949 557 3020 ξομμαχύμενοι,
581 2952 687 3014 neque
710 2933 814 3017 igitur
838 2935 945 3002 refero
975 2948 1087 3022 δι’ύχλον
1112 2951 1176 3004 εἶναι
1205 2934 1296 3000 intel*

119 3059 162 3104 ea
185 3040 299 3122 verba,
325 3058 407 3120 quae
429 3038 641 3122 participium
666 3039 730 3106 sibi
755 3039 950 3124 adiungunt.

210 3159 337 3228 1120‚2i
361 3165 378 3214 ὅ
402 3182 431 3216 τε
454 3165 481 3214 ἐν
504 3163 608 3233 πολέμῳ
632 3165 740 3235 εὐτυχίᾳ
765 3165 914 3226 πλεονάζων
938 3165 984 3216 οὐκ
1007 3165 1181 3234 ἐντεθύμηται
1201 3165 1289 3234 ύριίσε

119 3269 221 3338 ἀπίστῳ
245 3271 430 3340 ἐπαιρύμενος,·
454 3273 501 3342 cfr.
522 3268 635 3337 IV78‚3
658 3273 864 3342 ἐντεύομηύήτω
879 3311 906 3324 ..
928 3271 1106 3342 μαχούμενος.
1146 3253 1210 3338 Qui
1233 3253 1298 3320 loci

121 3360 262 3426 eandem
286 3360 441 3442 loquendi
463 3361 626 3428 rationem
650 3362 816 3439 exhibent,
848 3381 944 3444 quarn
968 3381 1068 3445 supra
1091 3357 1125 3446 (ξ
1151 3357 1219 3446 ab)
1243 3379 1297 3426 ex-

120 3465 299 3549 posuimus.
348 3467 459 3534 Aliter
482 3488 561 3536 vero
586 3488 640 3535 res
671 3470 832 3542 sehabet
858 3485 893 3537 11
904 3481 971 3550 σοι
998 3486 1015 3536 ο
1038 3503 1084 3550 μοι
1113 3485 1214 3537 consta
1242 3481 1296 3536 οὔτ’

122 3589 200 3642 αὐτοὶ
219 3591 324 3643 πώποτε
344 3593 524 3662 ἐνθυμηθῆναι
543 3591 660 3663 ὑπάρχον
677 3613 699 3644 κ.
714 3612 735 3645 τ.
750 3595 787 3659 ἑ.,·
810 3595 886 3642 llam
910 3574 1122 3658 participium
1145 3576 1188 3641 dd
1211 3573 1298 3640 Obie·

122 3685 215 3746 ctum
239 3697 254 3749 a
277 3681 434 3764 pertinet.

212 3802 318 3870 Ι141,1
342 3807 500 3876 ιλιανοῆύητε
522 3809 539 3876 ἢ
563 3805 742 3858 ὑπακούειν..
767 3809 783 3877 ἢ
807 3807 830 3859 εἰ
853 3805 1093 3876 πολεμήσομεν...
1116 3807 1154 3876 μὴ
1173 3803 1298 3866 εἴξαντες.

123 3892 199 3960 lel
222 3879 310 3960 forie
333 3895 438 3980 magis
454 3897 566 3979 placei
587 3898 629 3962 ad
652 3914 689 3982 μὴ
709 3911 825 3974 εἴξαντες
849 3917 890 3963 θΧ
916 3912 1096 3984 πολεμήσομεν
1122 3895 1298 3962 subaudire

123 4017 259 4084 πολεμεῖν,
287 4001 407 4068 iterum
436 4002 516 4068 iicet
544 4005 632 4070 hunc
660 4005 767 4070 locum
796 4004 1014 4070 adnumerare
1047 4021 1146 4084 supra
1170 3999 1204 4086 (ξ
1228 4004 1297 4084 ab)

122 4108 293 4176 tractatis.
341 4109 681 4178 Animadvertendum
705 4117 815 4178 autem
840 4117 907 4196 est,
938 4109 1163 4194 Thucydidem
1189 4107 1299 4174 dicere

215 4358 238 4429 ¹)
256 4357 331 4414 Item
344 4357 466 4425 sequitur
479 4374 512 4412 ex
530 4357 728 4428 significatione
740 4357 815 4414 verbi
833 4360 969 4429 εὑρίσκειν,
989 4357 1131 4425 participia
1149 4355 1299 4425 praesentis

123 4450 168 4516 vel
187 4449 302 4518 perfecti
319 4451 426 4502 tantum
445 4465 505 4502 oum
523 4448 569 4502 illo
588 4447 664 4518 iungi
682 4465 768 4517 posse,
787 4448 864 4503 velut
882 4463 942 4502 cum
960 4449 1178 4516 καταλαμβάνειν.
