3182 4888
660 309 878 369 ...39-

180 499 251 566 loco
275 499 429 566 nimirum
454 499 603 567 consulto
626 515 836 576 καθελκύσαντες
858 500 1021 582 premitur
1048 501 1200 568 'adhibita
1223 501 1357 567 coniun-

182 606 302 673 ctione.
342 607 458 674 Facile
482 607 619 689 quisque
642 606 785 689 priorem
810 607 917 674 locum
934 607 1048 690 legens
1065 608 1217 690 senserit,
1242 628 1356 692 propo·

147 751 149 756 ·
181 713 281 780 sitam
298 713 507 781 celeritatem
529 713 650 798 agendi
673 732 738 779 non
762 715 867 787 solum
891 713 1003 781 verbis
1026 731 1092 783 ααααι
1111 732 1195 801 ααχας
1213 721 1248 781 et
1266 731 1356 794 scobs,

180 819 239 886 sed
262 819 364 885 etiam
388 819 510 886 omissa
526 819 756 908 coniunctione
781 824 860 886 ante
883 836 1095 898 ααιιειαύααααας
1115 821 1260 905 depingi,
1284 841 1356 887 cum

180 927 287 992 altero
311 925 381 992 loco
405 925 465 992 illa
482 925 633 993 adhibita
656 943 686 995 αι
705 941 858 995 radendo
883 931 921 992 ut
938 927 1052 1010 gravis
1069 947 1123 994 res
1140 928 1355 1010 significetur.

179 1033 284 1098 Porro
307 1032 377 1098 illis
403 1032 485 1098 locis
509 1032 599 1098 inter
623 1051 658 1098 se
675 1033 875 1115 comparatis
899 1040 1046 1117 apparet,
1072 1033 1265 1116 scriptorem
1290 1054 1355 1101 uon

179 1144 306 1205 temere
334 1141 441 1206 altero
470 1139 541 1206 loco
578 1138 809 1206 coniunctione
845 1159 940 1206 usum
970 1159 1052 1207 esse.
1105 1141 1190 1206 Mihi
1225 1141 1355 1222 quidem

178 1264 373 1327 persuasum
412 1251 485 1330 est,
526 1245 752 1328 Thucydidem
792 1246 903 1328 priore
942 1247 1149 1314 celeritatem
1187 1249 1354 1314 Lacedae·

178 1353 360 1420 moniorum
395 1353 430 1419 in
466 1352 612 1420 consiliis
648 1353 832 1437 capiendis,
868 1355 975 1420 altero
1010 1354 1207 1420 tarditatem
1242 1355 1277 1420 in
1306 1355 1355 1422 eis

177 1459 388 1543 perficiendis
417 1459 525 1542 lepido
558 1459 819 1528 adumbravisse.
872 1463 982 1541 Atque
1016 1480 1122 1543 paene
1157 1460 1354 1528 comicorum

179 1565 322 1635 artificio
338 1585 417 1632 usus
434 1565 576 1649 scriptor
593 1584 679 1636 αααέα
695 1566 731 1632 in
746 1566 812 1632 fine
833 1566 1022 1634 sententiae
1038 1567 1171 1634 videtur
1194 1569 1353 1651 posuisse.

177 1675 297 1755 Itaque
312 1657 381 1740 non
395 1671 510 1740 dubito
534 1673 556 1738 l.
574 1673 595 1738 l.
620 1672 703 1739 illud
728 1671 900 1755 scriptoris
916 1677 1007 1740 tecte
1028 1673 1191 1740 illudendi
1208 1677 1353 1743 studium

178 1801 371 1866 agnoscere,
401 1783 528 1863 dequo
552 1781 742 1848 Classenius
766 1780 943 1858 adI17,9
972 1782 1054 1848 haec
1079 1783 1251 1849 disseruit:
1283 1785 1354 1867 „die

177 1889 348 1971 auffolleod
361 1907 471 1970 prosse
485 1886 558 1952 aobl
572 1889 606 1951 br
622 1886 681 1951 den
696 1885 820 1950 lebbaeo
836 1885 1024 1969 boffroonpen
1036 1889 1092 1952 der
1105 1889 1355 1954 Lobcddnoonr'cr

177 1997 297 2062 sedetet
316 1995 516 2078 Thubpcb'des
531 1994 616 2058 nicbl
632 1993 709 2057 ohne
725 1993 832 2074 arellam
847 2014 907 2056 oon
929 1997 1029 2058 irora'e
1048 2001 1167 2076 praelat
1189 2018 1229 2060 ro
1245 1997 1353 2072 loobcn,

176 2105 227 2169 die
254 2104 309 2168 ibo
337 2103 416 2168 oocb
444 2107 531 2166 soto
559 2100 748 2182 demanded,
777 2120 867 2164 wenc
893 2121 951 2164 coro
980 2101 1039 2165 den
1062 2102 1275 2181 benediccionem
1298 2105 1355 2167 cler

176 2209 421 2291 Peloponnesia
441 2229 494 2272 unc
517 2209 575 2273 dos
589 2207 797 2290 ciberpewo'cbt
819 2229 878 2272 aur
900 2228 951 2272 sec
973 2209 1024 2272 die
1039 2209 1112 2272 rede
1134 2211 1209 2273 ist.·‘
1249 2209 1354 2276 Simul

178 2317 243 2383 loci
258 2315 420 2398 adscripti
436 2320 629 2382 sustentant
644 2316 730 2382 hanc
752 2313 954 2381 sententiam
969 2312 1170 2400 Kuehneri¹)
1195 2335 1215 2382 a
1239 2321 1353 2382 nostro

177 2443 244 2490 non
261 2423 312 2490 ita
328 2422 467 2488 multum
479 2423 722 2506 abhorrentem,
740 2427 908 2488 auctorem
925 2419 1210 2488 coniunctionibus
1223 2422 1353 2489 omissis

177 2549 232 2596 res
257 2529 472 2596 secundarios
492 2527 600 2594 obiter
623 2531 755 2594 tantum
779 2533 975 2611 tangentem
999 2529 1041 2595 ad
1065 2529 1201 2594 verbum
1224 2528 1353 2594 finitum

177 2638 389 2704 contendere.

716 2814 736 2892 ἓ
762 2817 814 2879 12.

267 2955 390 3022 Restat
412 2959 451 3019 ut
473 2954 514 3020 de
537 2952 724 3036 participiis
749 2953 874 3021 diversi
898 2955 1055 3020 momenti
1078 2955 1250 3043 disseram.

268 3061 343 3127 Tito
369 3059 494 3127 Wildio
518 3055 555 3146 (l.
571 3060 592 3124 l.
609 3081 642 3142 p.
660 3061 690 3142 b)
715 3065 851 3127 auctore
874 3061 1128 3127 Balkenhollius
1151 3062 1186 3138 (l.
1204 3061 1225 3125 l.
1243 3083 1274 3144 p.
1293 3065 1351 3137 48)

177 3169 285 3251 docet,
309 3166 487 3250 participia
503 3165 629 3234 diversi
645 3167 778 3249 generis
801 3166 892 3233 inter
915 3185 951 3233 se
975 3187 1040 3233 non
1058 3167 1215 3250 copulari.
1256 3167 1351 3250 Quod

176 3279 390 3357 praeceptum
416 3272 548 3340 irritum
575 3273 719 3339 reddunt
746 3273 843 3354 pauci
873 3273 1004 3355 quidam
1032 3272 1112 3358 loci,
1142 3274 1236 3341 velut
1265 3273 1290 3336 I
1298 3279 1351 3350 1,l

180 3397 342 3468 θουκυὸίὸης
363 3395 496 3468 Ἀθηναῖος
518 3397 672 3467 ξυνέγραψε
695 3399 740 3449 τὸν
763 3397 876 3462 πόλεμον
890 3436 896 3448 .
910 3435 931 3460 .,
955 3398 1105 3467 ἀρξάμενος
1128 3399 1210 3457 εὐθὺς
1227 3400 1352 3450 καθιστα-

174 3508 257 3570 μένου
284 3505 336 3558 καὶ
364 3504 471 3564 ἐλπίσας
495 3506 581 3574 μέγαν
609 3523 638 3556 τε
666 3503 776 3556 ἔσεσθαι
799 3523 822 3555 κ.
841 3524 863 3556 τ.
882 3507 903 3556 ἑ.
950 3488 1076 3554 Horum
1104 3488 1352 3570 participiorum

176 3595 341 3663 rationem
358 3595 501 3662 Wildius
518 3595 555 3681 (l.
572 3596 594 3661 l.
611 3615 641 3678 p.
662 3591 718 3679 38)
737 3600 829 3660 recte
845 3595 1023 3679 perspexit,
1049 3614 1120 3660 curn
1141 3595 1352 3677 participium

176 3719 284 3780 ἐιαίαας
306 3721 371 3769 non
387 3703 491 3769 solum
512 3701 745 3785 praecedentis
768 3718 926 3788 ἀρξάμενος,
951 3704 1009 3768 sed
1026 3701 1126 3768 etiam
1143 3701 1241 3768 simul
1257 3701 1352 3768 verbi

176 3809 264 3878 finiti
299 3829 432 3876 causam
467 3809 638 3876 continere
674 3808 779 3890 dicat;
818 3808 946 3875 indicat
981 3809 1082 3891 enim,
1118 3828 1177 3874 cur
1212 3808 1352 3889 scriptor

177 3916 351 3984 consilium
375 3917 537 3984 historiae
562 3917 805 3999 componendae
826 3916 952 3999 ceperit
976 3917 1063 3982 bello
1088 3915 1181 3981 modo
1199 3916 1350 3981 conflate.

176 4026 297 4105 Itaque
333 4025 437 4092 solam
472 4024 734 4090 coniunctionem
761 4041 803 4092 καὶ
833 4023 988 4106 scriptori
1023 4023 1146 4089 licebat
1180 4040 1350 4103 usurpare,

179 4133 267 4214 quod
283 4131 443 4198 adhibitis
459 4131 634 4213 particulis
651 4147 734 4199 αὲ-ααὶ
750 4130 850 4196 alteri
870 4129 1045 4212 participio
1062 4148 1197 4212 prorsus
1214 4129 1350 4195 eandem

178 4238 246 4307 vim
282 4238 458 4306 tribuisset
492 4258 532 4305 ac
560 4237 672 4321 priori.
724 4237 801 4304 Jam
830 4255 908 4302 vero
937 4239 1010 4306 luce
1045 4235 1168 4306 clarius
1196 4242 1349 4324 apparot:

268 4468 289 4534 ¹)
310 4467 358 4522 Gr.
378 4484 418 4543 gr.
439 4471 453 4538 ξ
472 4469 560 4531 roni.
