3182 4888
675 327 894 390 ...22-

200 525 272 607 ipse
302 519 472 608 genitivus
496 540 516 587 a
539 517 678 586 Graecis
701 521 880 598 usurpatus
907 516 967 594 sit,
996 518 1079 584 haec
1102 521 1233 583 tantum
1256 517 1298 584 de
1320 537 1375 601 ge·

202 629 309 698 nitivo
334 627 485 696 absoluto
509 625 631 692 dicam:

289 752 318 821 a)
347 737 379 802 A
402 739 518 802 nostra
541 729 696 812 loquendi
719 729 850 796 ratione
874 729 1030 797 abhorret
1052 728 1272 815 Thucydidia,
1301 749 1375 796 cum

202 842 351 930 genitivo
380 839 532 909 absoluto
555 837 656 906 verbo
679 835 774 902 finito
797 835 986 903 accuratior
1014 836 1163 904 definitio
1187 836 1374 922 apponitur,

201 971 298 1035 quam
327 947 508 1018 vernacula
535 945 651 1029 lingua
678 943 802 1010 nomini
830 943 978 1009 tribuere
1007 944 1149 1011 solemus
1178 963 1239 1027 per
1272 961 1375 1010 enun-

200 1059 320 1126 tiatum
343 1054 532 1122 relativum.
571 1063 682 1133 189,1θ
700 1065 800 1137 Σηστὸν
819 1065 986 1138 ἐπολιόρκουν
1005 1063 1101 1137 Μήδων
1120 1067 1243 1137 ἐχόντων.
1281 1051 1376 1117 Idem

200 1163 410 1250 participium
451 1159 617 1244 reperitur
652 1157 776 1240 194,6.
819 1162 903 1242 98,1.
940 1162 1070 1235 103,10.
1111 1159 1240 1235 107,15.
1277 1162 1375 1236 113‚1

204 1277 240 1340 et
263 1270 354 1339 alibi.

366 1382 440 1450 V1‚7
454 1379 648 1452 Ἀτραγιάττειον
664 1376 801 1449 Φαρνάκου
814 1379 906 1439 δόντος
918 1378 1035 1438 αὐτοῖς..
1049 1374 1152 1448 ᾤκησαν
1156 1396 1166 1445 ‚·
1179 1378 1227 1447 cfr.
1240 1378 1257 1431 Ι
1267 1375 1375 1445 138,25.

290 1483 369 1551 Alia
384 1480 564 1568 participia
580 1482 715 1546 exstant
735 1477 833 1562 Ver.
856 1481 935 1554 39‚2
947 1477 995 1560 (Ξ
1006 1476 1104 1542 VIII
1107 1477 1210 1556 60‚2).
1234 1477 1375 1555 ullae.

291 1589 400 1658 Nolim
438 1589 503 1655 hue
540 1585 666 1653 referre
705 1604 778 1650 cum
813 1583 1049 1651 Balkenhollio
1089 1597 1203 1666 Vetat
1230 1602 1378 1666 νομίζοντες

204 1715 354 1768 ἀδικεῖσθαι
368 1751 374 1766 .
389 1751 395 1766 .
415 1711 618 1783 παραγαγόντος
628 1705 786 1774 Ἀλκιβιάδου
800 1709 956 1778 ἐποιήσαντο
969 1707 1091 1772 σπονδάς,
1115 1690 1193 1772 (lilia
1216 1690 1270 1757 hic
1286 1692 1376 1758 iocus

204 1803 337 1874 minime
360 1803 530 1884 discrepat
557 1819 578 1867 a
601 1797 769 1866 sexcentis
793 1797 885 1882 aliie,
914 1799 1009 1865 velut
1032 1797 1150 1874 1822.
1176 1803 1278 1882 102,3
1301 1804 1376 1883 etc,

203 1911 321 1995 quibus
355 1909 523 1995 genitivus
557 1906 729 1976 absolutus
757 1906 856 1988 plane
886 1924 927 1972 ex
960 1910 1074 1972 nostro
1111 1924 1211 1972 sensu
1240 1907 1376 1974 verbum

202 2019 332 2086 finitum
355 2004 518 2084 illustrat

291 2141 322 2209 ρ)
350 2124 423 2190 Non
453 2128 522 2190 tarn
547 2119 774 2204 Thucydidius
805 2139 901 2201 quam
929 2139 988 2203 per
1016 2139 1052 2187 se
1079 2119 1302 2188 memorabilis
1326 2125 1379 2188 est

203 2251 292 2308 usus,
317 2251 390 2298 cum
406 2229 537 2298 ratione
552 2227 761 2312 pereleganti
781 2227 1063 2312 interrogationes
1078 2226 1271 2308 indirectae,
1297 2247 1378 2309 quas

203 2345 345 2420 vocant,
388 2335 530 2422 genitivi
571 2335 714 2404 absoluti
752 2335 891 2402 turmam
926 2334 989 2401 sibi
1023 2334 1176 2402 iuduunt.
1233 2351 1280 2406 JV
1293 2350 1379 2418 iura

205 2461 376 2528 πολεμοῦνται
395 2461 448 2532 γὰρ
467 2461 581 2530 ἀσαφῶς
600 2461 735 2530 ὁποτέρων
754 2459 899 2529 ἀρξάντων.

292 2568 324 2640 7)
350 2553 417 2620 Pro
444 2549 623 2618 usitatiore
653 2549 844 2617 accusativo
880 2549 1033 2616 absoluto
1067 2548 1253 2633 genitivum
1288 2549 1379 2616 inue-

207 2658 316 2726 nimus
339 2657 391 2725 his
415 2657 512 2724 locis:

417 2781 437 2834 I
449 2779 505 2846 74,1
533 2785 628 2850 σαφῶς
656 2779 822 2851 duodenos
849 2781 889 2832 ὅτι
916 2799 938 2831 κ.
954 2781 1030 2846 τ.ἑ.;
1057 2779 1104 2848 csr.
1130 2780 1149 2831 I
1161 2775 1248 2846 76,11,·
1272 2775 1378 2845 116,15.

370 2885 478 2954 Vidit!
501 2876 536 2938 Oi
556 2889 573 2940 Ι
580 2885 626 2954 7,2
638 2887 822 2958 πλοὶγιυντέρων
835 2889 925 2952 ὄντων,
943 2885 1061 2954 1V20,5
1079 2885 1117 2940 ἔτι
1135 2884 1243 2940 atteror
1260 2888 1379 2957 ἀκρίτων.

298 2995 325 3059 ο)
352 2979 451 3045 Haud
475 2977 525 3045 ita
548 2997 623 3045 raro
640 2978 852 3062 Thucydides
875 2997 953 3045 usus
978 2983 1030 3044 est
1053 2977 1203 3062 genitivo
1227 2977 1379 3044 absoluto

207 3105 267 3168 pro
290 3085 467 3169 participio
492 3089 691 3169 constructo,
715 3085 810 3152 velut

368 3209 418 3280 aa)
445 3213 504 3276 pro
527 3191 732 3260 nominativo

422 3303 562 3372 11113,30
579 3308 772 3378 βοηθησάντων
791 3308 821 3360 δὲ
840 3307 970 3371 ὑμῶν...
990 3305 1186 3376 προςλήφεσιλε.

297 3409 351 3474 Ad
367 3407 453 3475 huuc
470 3407 576 3474 locum
593 3405 782 3474 Classenius
797 3424 931 3488 prorsus
948 3423 990 3470 ex
1014 3405 1182 3472 sententia
1205 3404 1382 3487 Popponis·

210 3513 333 3584 Stahlii
357 3511 414 3602 (ad
432 3513 479 3578 II
486 3513 599 3598 63,15)
616 3513 762 3582 notavit:
793 3514 915 3598 „dieser
936 3515 1043 3578 arunte
1056 3512 1117 3593 soil
1131 3512 1188 3577 der
1202 3511 1383 3576 alternative

210 3625 252 3689 ist
266 3643 301 3687 so
316 3621 390 3687 sedr
405 3623 463 3688 das
478 3620 636 3702 λιαιηνίιῖιλ
650 3622 705 3685 des
718 3621 905 3703 podendum,
929 3621 1004 3685 dass
1026 3641 1060 3684 er
1075 3623 1120 3684 ion
1141 3619 1383 3702 anoddrinpipen

211 3731 329 3812 pertitio
351 3728 530 3810 diupcsteldt
553 3731 603 3812 ist,
628 3729 747 3794 odiendi
769 3729 819 3793 die
842 3729 941 3794 dauon
963 3727 1181 3810 derpeleiteicn
1202 3727 1384 3808 wirdnnpen

211 3835 351 3902 dussoldc
384 3833 504 3916 snip'ect
537 3835 667 3900 λαλιια.“
732 3833 801 3916 Ofr.
838 3834 885 3898 ΙΙ
904 3837 1011 3920 83,15.
1059 3833 1260 3919 11145,13;
1295 3835 1385 3911 55,5;

213 3947 344 4029 11:2‚1u
398 3941 638 4018 Vfflroure.

371 4064 424 4132 γρ)
447 4067 506 4130 pro
531 4047 644 4114 dativo

425 4161 445 4216 Ι
454 4161 534 4218 1142
557 4164 586 4222 ἐς
609 4162 689 4231 αὐτὴν
708 4162 900 4231 διαβεβηκότος
923 4161 973 4232 {etp
994 4159 1151 4232 Περικλέους
1173 4161 1293 4232 ἠγγέλθη
1312 4162 1385 4230 αὐτῷ

374 4291 395 4323 ι.
410 4290 431 4324 r.
445 4273 482 4336 e.,·
501 4271 549 4340 ρο.
570 4265 713 4334 utnon.
740 4267 857 4334 eurus

373 4369 725 4456 mmmmm

427 4489 555 4558 11122‚o'
580 4493 735 4563 ,ηκοςεζαιξυν
764 4495 800 4564 τῷ
829 4493 909 4564 τείχει
938 4498 989 4548 τῶν
1014 4491 1141 4558 πολεμίων
1169 4491 1297 4554 λαθόντες
1324 4491 1386 4554 τοὺς
