3182 4888
711 314 928 378 ..24-

235 507 322 588 quod
346 506 471 591 dicunt,
497 506 550 573 cni
573 505 771 573 attributum
788 504 942 580 adicitur.
981 504 1139 572 Videmus
1163 505 1276 592 igitur,
1302 506 1405 574 Grae·

235 633 289 679 cos
304 614 428 702 'eadem
451 613 522 680 fere
545 613 675 680 ratione
698 611 751 678 his
767 610 953 694 participiis
978 631 1054 678 usos
1076 631 1149 679 esse
1173 618 1274 695 atque
1290 613 1405 682 Latini

233 719 286 786 usi
314 724 391 786 sunt
419 718 605 802 participiis
633 717 772 800 perfecti
799 718 925 800 passivi
958 723 992 785 et
1020 718 1215 802 gerundivis
1238 720 1281 786 ad
1304 719 1405 804 signi·

234 827 365 894 ficanda
388 825 601 893 substantiva
624 823 784 892 verbalia.

447 945 568 1014 Imm
590 951 686 1019 ἡμέραν
711 948 777 1018 ἦσαν
801 949 834 1019 τῇ
846 945 976 1019 Μυτιλήνῃ
998 947 1127 1019 ἑαλωκυίᾳ
1146 949 1226 1016 ἑπτά,·
1250 931 1307 998 Ofl'.
1332 937 1406 1015 post

393 1040 579 1125 Mytilenen
604 1043 744 1122 captam.

447 1163 465 1215 I
476 1162 534 1229 lO‚7
550 1163 582 1216 τὰ
599 1162 688 1233 μακρὰ
708 1163 780 1234 τείχη
801 1163 1017 1228 οἰκοδομούμενα,
1040 1147 1100 1211 dett
1123 1147 1183 1212 batt
1206 1146 1280 1230 (das
1296 1147 1405 1228 baum)

394 1256 449 1319 der
472 1253 585 1336 laopeo
606 1274 753 1331 mouera·
781 1254 806 1317 I
813 1258 926 1331 23,24.
952 1253 1001 1317 ΙΙ
1008 1257 1114 1332 68,14.
1140 1254 1165 1318 I
1168 1255 1292 1332 V29‚9.
1317 1258 1405 1332 44‚3.

394 1365 744 1446 amcfflamm

323 1469 432 1536 Unum
460 1469 566 1534 locum
595 1467 724 1552 inveni,
754 1487 816 1548 qno
844 1466 1053 1550 participium
1081 1467 1281 1536 attributive
1308 1467 1405 1538 collo-

234 1582 344 1644 catum
369 1575 509 1644 similem
532 1575 667 1644 videtur
690 1576 812 1642 habere
834 1574 916 1642 vim:
941 1588 1082 1657 maala
1109 1594 1124 1644 ο
1149 1593 1187 1662 μὴ
1209 1592 1306 1662 palea
1328 1591 1407 1662 λόγος

234 1683 255 1751 i.
281 1704 308 1749 θ.
335 1702 364 1752 τὸ
384 1701 428 1753 τὸν
447 1699 526 1770 λόγον
543 1699 580 1768 μὴ
598 1701 722 1769 ῥηθῆναι.

324 1793 357 1868 ο)
382 1789 469 1856 Aliis
493 1788 687 1870 quibusdam
710 1788 792 1854 locis
821 1787 1032 1871 participium
1056 1807 1175 1855 nomen
1203 1790 1407 1871 subsequens

234 1897 402 1965 enuntiati
425 1895 617 1979 interpositi
641 1896 711 1962 loco
737 1901 798 1980 est,
823 1900 861 1961 ut

446 2007 556 2076 11:3‚28
567 2008 745 2081 Πολυκράτης,
764 2009 854 2076 Σάμου
872 2015 1004 2080 τυραννῶν
1023 2010 1064 2064 ἐπὶ
1077 2007 1231 2078 Καμβύσου,
1244 2031 1266 2063 κ.
1277 2030 1299 2064 τ.
1310 2013 1347 2078 ἑ.,·
1359 2010 1406 2070 cfr.

396 2114 687 2184 mmm&

234 2224 335 2300 atque
359 2217 430 2284 inre
455 2217 600 2284 editores
623 2215 808 2282 huiusmodi
824 2215 1012 2300 participia,
1037 2235 1122 2297 qnae
1144 2216 1229 2282 nihil
1251 2215 1317 2283 nisi
1338 2234 1409 2282 rem

234 2323 434 2391 subsiciuam
458 2342 498 2389 ac
521 2322 638 2388 lectori
663 2341 762 2405 saepe
787 2321 871 2389 satis
896 2326 1008 2388 notam
1035 2327 1237 2407 proponunt,
1266 2322 1408 2406 virgulis

234 2432 418 2498 includunt.
464 2431 537 2496 ΗΟΟ
561 2449 641 2496 Vero
670 2429 740 2496 1000
763 2446 783 2498 I
794 2443 863 2511 205
888 2447 918 2498 τὸ
946 2445 1047 2516 πλῆθος
1068 2442 1209 2518 Ἵππαρχον
1233 2444 1331 2500 οἴονται
1360 2443 1405 2515 ἀφ’

233 2552 368 2625 Ἁρμοδίου
392 2554 434 2606 καὶ
457 2550 677 2624 Ἀριστογείτονος
699 2554 824 2624 τύραννον
848 2554 911 2607 ὄντα
935 2554 1090 2616 ἀποθανεῖν,
1113 2553 1155 2606 καὶ
1178 2555 1225 2605 οὐκ
1248 2552 1345 2618 ἴσασιν,
1369 2555 1409 2606 ὅτι

232 2659 327 2722 Ἱππίας
346 2662 396 2726 μὲν
421 2661 603 2731 πρεσβύτατος
625 2663 661 2713 ὢν
680 2661 747 2732 ἦρχε
765 2681 788 2712 κ.
802 2681 823 2714 τ.
838 2663 859 2713 ἑ.
880 2690 913 2698 -
937 2644 1115 2726 participia
1138 2647 1264 2731 τύραννον
1286 2661 1349 2712 ὄντα
1373 2647 1409 2709 et

235 2769 418 2838 πρεσβύτατος
436 2771 472 2820 ον
497 2751 713 2835 gravissimas
736 2771 791 2818 res
816 2750 997 2833 continent,
1024 2769 1107 2832 qnae
1128 2751 1163 2817 vi
1188 2751 1288 2817 etiam
1304 2751 1409 2817 verba

234 2860 331 2925 finita
354 2879 458 2941 paene
483 2865 652 2940 superant.
694 2858 757 2924 His
781 2857 968 2942 participiis
993 2859 1131 2925 eandem
1154 2857 1224 2924 fere
1246 2855 1408 2924 rationem

235 2987 307 3033 cum
334 2965 520 3032 nominibus
547 2965 756 3032 intercedere
787 2965 954 3047 existimo,
986 2985 1083 3047 quam
1112 2985 1212 3047 snpra
1235 2966 1286 3044 (b)
1311 2984 1407 3047 expo·

236 3075 374 3158 suimus,
410 3091 482 3139 cum
517 3072 663 3139 auctoris
699 3091 831 3140 sensum
860 3076 1041 3154 aequantes
1076 3076 1210 3140 vertere
1246 3070 1408 3153 possimus

236 3183 302 3266 ‚der
319 3187 433 3263 tyrano
448 3181 626 3261 Hcpporch‘
651 3185 685 3246 et
708 3181 777 3264 ,der
792 3179 926 3263 altesta
950 3179 1089 3244 rodortliolc
1104 3179 1264 3260 Hcppc'us‘.
1304 3177 1409 3244 Simul

235 3308 313 3356 vero
341 3287 402 3354 illa
429 3287 607 3370 participia
636 3287 685 3352 ita
714 3287 755 3353 ad
783 3288 888 3353 verba
911 3285 1006 3352 finita
1031 3290 1199 3368 spectant,
1228 3289 1266 3350 ut
1293 3285 1408 3350 horum

235 3414 367 3461 causam
391 3394 551 3460 indicent.
591 3395 800 3477 Quapropter
823 3393 914 3460 locus
932 3398 1046 3460 noster
1071 3391 1165 3475 quasi
1189 3390 1410 3460 viammunit

235 3501 308 3567 usui
332 3501 486 3582 deinceps
509 3502 696 3569 tractando.

783 3681 862 3758 §7.

325 3821 373 3886 Ut
388 3821 474 3887 enim
490 3823 593 3888 verba
610 3838 734 3907 τυραννον
754 3838 816 3891 οντα
837 3841 902 3888 non
919 3821 1021 3887 solum
1037 3819 1115 3886 huic
1138 3819 1187 3886 rei
1209 3819 1408 3901 inserviunt,

236 3935 274 3994 ut
302 3949 407 4010 prava
434 3929 527 4012 vulgi
556 3928 665 4010 opinio
694 3934 910 4012 proponatur,
946 3930 1005 3994 sed
1038 3928 1139 3994 etiam
1166 3946 1239 3994 eam
1268 3926 1410 3996 subiecti

236 4034 431 4116 qualitatem
456 4035 642 4110 continent,
673 4036 716 4101 ad
744 4055 841 4116 quam
869 4035 989 4119 vulgus
1017 4053 1131 4102 necem
1155 4033 1337 4116 Hipparchi
1359 4052 1409 4100 re·

236 4141 380 4225 ferebat,
415 4142 465 4209 ita
499 4143 676 4208 multorum
710 4144 885 4209 verborum
922 4142 1013 4208 notio
1047 4161 1107 4225 per
1140 4162 1175 4208 se
1209 4140 1306 4206 nimis
1341 4141 1411 4207 late

236 4253 355 4331 patens
372 4249 557 4332 participiis
573 4252 627 4317 vel
645 4250 793 4316 subiecto
810 4249 866 4317 vel
890 4249 1018 4316 obiecto
1043 4248 1203 4332 appositis
1228 4249 1409 4314 coartatur.

236 4357 357 4442 Nostro
375 4375 524 4424 sermone
540 4357 699 4424 eiusmodi
717 4356 828 4425 verbis
845 4356 1009 4422 obiectum
1027 4356 1191 4424 attributo
1208 4355 1409 4420 instructum

235 4463 289 4534 vel
314 4462 530 4554 infinitivum,
560 4464 681 4539 obiecti
710 4464 782 4536 vice
804 4464 1013 4555 fungentem,
1044 4469 1079 4535 et
1105 4482 1223 4534 nomen
1247 4461 1411 4550 quoddam
