3182 4888
717 343 913 406 „g.„

228 535 329 604 velim
354 539 576 618 comparetur,
606 534 693 614 quod
721 533 807 598 idem
837 532 891 601 vir
920 533 1130 601 doctissimus
1160 535 1335 604 adnotavit
1359 535 1401 603 ad

230 645 332 710 Thuc.
357 657 471 724 Ima
490 662 573 711 ταῦτα
593 655 625 710 ’ἄν
644 677 683 718 τις
701 659 810 723 νομίζων
827 657 941 722 μάλιστα
960 659 978 710 ἃ
998 658 1105 728 διῆλθον
1125 660 1176 730 οὐχ
1194 660 1339 730 ἁμαρτάνοι
1353 698 1359 710 .
1373 697 1401 711 ..

230 769 292 820 ὄντα
312 767 486 836 ἀνεξέλεγκτα
505 769 593 818 aad.
619 750 697 824 ,ΜΘ
719 769 752 812 63
767 748 848 812 deuo
862 750 897 812 a'o
919 749 976 812 det·
997 749 1063 814 that
1084 750 1167 831 (dies
1188 751 1237 814 die
1259 749 1403 831 wit'lduity

230 859 285 922 des
310 857 581 940 aoruufpedcudca
608 854 687 938 ὄντα)
716 854 784 920 sich
810 854 897 920 nicht
923 853 1019 937 odllo'p
1048 858 1196 921 ermeiseo
1224 856 1335 922 ldsst.“
1360 891 1403 901 —-

232 969 267 1030 ei
282 963 337 1030 hic
352 964 444 1030 lOCUS
465 976 577 1045 136,Ῐῦ
596 981 654 1050 τρία
670 981 719 1044 μὲν
739 980 801 1032 ὄντα
820 977 902 1046 λόγου
916 976 977 1038 ἄξια
997 978 1102 1031 ναυτικὰ
1121 997 1155 1031 sc.
1170 981 1229 1033 ἐστί
1244 1006 1278 1018 ν·
1297 982 1403 1044 neque

190 1145 191 1148 Ἴ
231 1073 296 1138 iam
320 1076 446 1138 temere
470 1070 564 1136 nobis
587 1069 738 1138 videmur
761 1069 975 1151 contendere,
1004 1087 1069 1135 non
1098 1071 1202 1136 solnm
1226 1069 1403 1153 participio

232 1183 311 1245 ante
337 1177 540 1244 adiectivum
564 1177 734 1254 collocato,
759 1177 818 1243 sed
841 1195 1034 1257 unoquoque
1057 1177 1232 1259 participio
1249 1176 1403 1259 indicari,

233 1285 429 1366 qualitatem
458 1284 624 1352 adiectivo
653 1285 709 1352 vel
735 1281 912 1367 participio
948 1303 1138 1365 expressam
1172 1304 1252 1352 vere
1281 1283 1405 1349 nomini

152 1426 155 1431 ·
233 1393 417 1459 inhaerere.
465 1392 625 1474 Quoniam
648 1409 727 1459 vero
753 1391 854 1458 etiam
882 1391 943 1456 hoc
967 1395 1064 1471 pacto
1089 1391 1160 1457 sine
1189 1391 1287 1458 dubio
1317 1391 1405 1458 adie-

235 1500 360 1568 ctivum
376 1499 483 1566 artius
501 1518 573 1565 cum
591 1518 649 1566 suo
666 1498 797 1565 nomine
814 1497 998 1581 copulatur,
1022 1497 1102 1564 licet
1117 1500 1253 1566 verbum
1270 1500 1407 1582 copulae

234 1608 390 1692 retinere,
416 1608 589 1674 dummodo
613 1607 684 1673 eius
708 1607 875 1673 notionem
899 1609 992 1672 recte
1016 1605 1226 1688 accipiamus,

323 1718 359 1794 h)
384 1715 431 1781 Ut
454 1716 596 1782 alterum
613 1715 788 1781 discrimen
811 1715 998 1798 participiis
1016 1735 1088 1783 cum
1105 1713 1282 1782 adiectivis
1302 1711 1405 1780 inter·

235 1824 356 1890 cedens
373 1825 416 1890 ad
431 1823 636 1905 probabilem
653 1842 786 1889 causam
801 1823 993 1902 referamus,
1018 1822 1200 1906 audiamus,
1224 1822 1309 1902 quod
1324 1821 1407 1886 Ker-

235 1930 339 2010 nius¹)
363 1931 544 2015 praecepit,
568 1929 736 2014 proprium
761 1930 946 1997 subiectum
969 1929 1125 2012 cuiusque
1148 1928 1314 1996 enuntiati
1342 1927 1408 1994 iam

237 2037 328 2105 exitu
344 2037 438 2106 verbi
461 2037 547 2103 finiti
563 2036 755 2122 significari,
780 2057 853 2103 cum
877 2037 1087 2106 substantivo
1112 2036 1196 2102 illud
1219 2034 1408 2102 accuratius

237 2144 422 2214 definiatur.
461 2145 546 2228 Quia
568 2165 634 2211 non
658 2146 763 2212 habeo
782 2146 866 2226 quod
891 2145 1148 2221 contradicam,
1172 2143 1253 2208 mihi
1275 2143 1408 2224 quidem

237 2252 419 2322 verisimile
446 2252 582 2320 videtur
611 2272 699 2336 esse,
732 2253 944 2336 participium
973 2255 1066 2320 modo
1097 2271 1168 2320 cum
1199 2251 1409 2318 substantivo

237 2362 333 2428 modo
357 2381 429 2428 cum
453 2379 533 2428 vero
556 2361 704 2427 subiecto
728 2361 835 2428 artius
857 2357 1043 2446 copulari.²)
1082 2361 1138 2427 Ita
1153 2359 1282 2425 demum
1299 2359 1411 2439 aliqua

240 2488 281 2534 ex
309 2472 406 2551 parte
434 2468 657 2552 intellegitur,
686 2469 844 2549 quomodo
872 2467 1084 2551 participium
1112 2465 1227 2534 multis
1256 2464 1367 2533 verbis
1390 2484 1411 2530 a

240 2575 453 2644 substantivo
476 2575 583 2658 possit
607 2575 748 2660 seiungi.
796 2575 985 2642 Classcnius
1013 2574 1169 2641 distinxit
1191 2573 1281 2639 inter
1307 2571 1411 2654 parti·

240 2683 327 2767 cipia
350 2683 565 2768 attributiva‚
595 2683 616 2750 i.
642 2703 670 2750 c.
695 2683 934 2750 adiectivorum
957 2683 1028 2750 loco
1052 2685 1227 2764 usurpata,
1257 2682 1292 2746 ct
1319 2697 1412 2763 prae·

241 2790 404 2876 dicativa,
440 2791 461 2856 i.
499 2811 527 2858 e.
562 2810 616 2858 res
649 2791 848 2875 indicantia,
884 2809 967 2873 quae
1003 2791 1045 2857 ad
1080 2807 1212 2856 sensum
1246 2787 1412 2869 integrum
1490 2873 1495 2880 υ
1581 2791 1582 2800 ’

242 2898 509 2965 constituendum
538 2898 746 2964 necessariae
778 2901 869 2978 sunt;
907 2899 965 2964 sed
992 2897 1063 2981 ipse
1092 2896 1282 2971 confitetur,
1314 2913 1413 2975 saepe

242 3025 314 3072 esse
349 3004 484 3072 difficile
511 3006 553 3072 ad
583 3005 842 3090 diiudicandum,
878 3005 946 3071 utri
975 3003 1091 3088 generi
1117 3001 1294 3084 participia
1328 2999 1414 3082 apud

242 3115 420 3180 Homerum
454 3113 522 3180 sint
557 3113 812 3180 adnumeranda.
865 3112 963 3195 Apud
993 3110 1220 3194 Thucydidem
1253 3108 1312 3177 vix
1345 3106 1413 3172 ullo

243 3224 314 3288 loco
332 3221 530 3296 dubitamus,
555 3225 666 3287 utrum
682 3219 882 3288 attributive
899 3239 942 3286 an
957 3217 1186 3301 praedicative
1201 3213 1413 3299 participium

244 3329 289 3395 sit
311 3333 513 3410 usurpatum.
562 3327 661 3394 Cuius
684 3326 733 3393 rei
756 3345 857 3393 causa
880 3326 951 3393 sola
975 3330 1027 3392 est
1050 3327 1143 3409 haec,
1169 3324 1254 3406 quod
1278 3318 1414 3389 articuli

244 3456 323 3503 usus
346 3435 483 3502 Homeri
506 3435 708 3517 temporibus
732 3435 875 3501 nondum
898 3434 997 3516 plane
1022 3433 1174 3499 enctrltus
1198 3436 1281 3497 erat.
1329 3428 1415 3510 Qua·

245 3548 380 3628 propter
414 3543 577 3610 Homer-us
612 3542 716 3610 variis
750 3541 920 3624 participii
955 3539 1225 3607 collocationibus
1263 3535 1314 3602 uti
1349 3551 1415 3598 non

246 3653 370 3738 potuit,
406 3651 523 3732 quibus
551 3653 639 3718 haud
667 3650 802 3718 minima
831 3669 871 3717 ex
898 3653 994 3731 parte
1024 3669 1079 3716 ars
1108 3644 1312 3728 Thucydidis
1342 3658 1417 3708 con.

246 3762 384 3829 tinetur.
420 3759 598 3826 Affirmare
623 3759 710 3825 enim
732 3777 798 3825 non
815 3757 938 3839 dubito,
961 3755 1097 3825 varias
1113 3753 1417 3837 participiorum

247 3870 427 3936 rationes
450 3867 490 3932 in
513 3865 734 3932 sentent-iis
757 3865 886 3932 variis
910 3862 1249 3930 collocationibus
1273 3883 1294 3928 a
1317 3863 1418 3928 Thu·

249 3977 391 4060 cydide
428 3973 632 4040 indicatas
675 3991 773 4038 esse.
836 3970 996 4055 Quoniam
1040 3970 1127 4037 enim
1169 3967 1418 4052 participiorum

249 4089 370 4151 natura
404 4083 439 4149 in
466 4081 657 4148 universum
691 4079 812 4161 ubique
840 4078 955 4146 eadem
984 4081 1052 4156 est,
1088 4077 1241 4143 nimirum
1277 4075 1419 4157 scriptor

249 4189 386 4258 lectoris
409 4189 531 4256 iudicio
556 4189 656 4256 aliter
678 4188 736 4256 vix
758 4186 869 4271 potuit
891 4184 1078 4255 subvenire.

341 4439 362 4505 ¹)
382 4437 434 4491 Die
453 4433 581 4489 deutsche
599 4435 740 4490 satzlehre.
779 4433 871 4488 Berlin
890 4435 965 4490 1883.
1002 4449 1066 4502 pag.
1086 4433 1119 4487 30
1138 4446 1194 4498 sqq.

340 4527 363 4595 ²)
382 4525 445 4580 Vid.
463 4525 534 4578 infra
552 4524 631 4587 iva.
