<?xml version="1.0" encoding="UTF-8"?>
<!DOCTYPE html PUBLIC "-//W3C//DTD XHTML 1.0 Transitional//EN"
    "http://www.w3.org/TR/xhtml1/DTD/xhtml1-transitional.dtd">
<html xmlns="http://www.w3.org/1999/xhtml" xml:lang="en" lang="en">
 <head>
  <title>
</title>
<meta http-equiv="Content-Type" content="text/html;charset=utf-8" />
  <meta name='ocr-system' content='tesseract 3.04.00' />
  <meta name='ocr-capabilities' content='ocr_page ocr_carea ocr_par ocr_line ocrx_word'/>
</head>
<body>
  <div class='ocr_page' id='page_1' title='image "./quaestionesadpa00nggoog_0056.png"; bbox 0 0 3182 4888; ppageno 0'>
   <div class='ocr_carea' id='block_1_1' title="bbox 519 1185 874 1329">
    <p class='ocr_par' dir='ltr' id='par_1_1' title="bbox 519 1185 874 1375">
     <span class='ocr_line' id='line_1_1' title="bbox 519 1185 874 1329; baseline 0.003 -10"><span class='ocrx_word' id='word_1_1' title='bbox 519 1317 521 1320; x_wconf 79' lang='grc'>,</span> <span class='ocrx_word' id='word_1_2' title='bbox 637 1185 874 1329; x_wconf 87' lang='lat' dir='ltr'>Vita.</span> 
     </span>
    </p>
   </div>
   <div class='ocr_carea' id='block_1_2' title="bbox 124 1576 1351 3686">
    <p class='ocr_par' dir='ltr' id='par_1_2' title="bbox 124 1576 1351 3686">
     <span class='ocr_line' id='line_1_2' title="bbox 256 1576 1342 1666; baseline -0.003 -22"><span class='ocrx_word' id='word_1_3' title='bbox 256 1577 446 1645; x_wconf 86' lang='lat' dir='ltr'>Ludovicns</span> <span class='ocrx_word' id='word_1_4' title='bbox 459 1577 567 1660; x_wconf 80' lang='lat' dir='ltr'>Nagel</span> <span class='ocrx_word' id='word_1_5' title='bbox 578 1581 766 1666; x_wconf 89' lang='lat' dir='ltr'>natussum</span> <span class='ocrx_word' id='word_1_6' title='bbox 780 1596 809 1642; x_wconf 92' lang='lat' dir='ltr'>a.</span> <span class='ocrx_word' id='word_1_7' title='bbox 824 1577 855 1642; x_wconf 91' lang='lat' dir='ltr'>d.</span> <span class='ocrx_word' id='word_1_8' title='bbox 868 1576 923 1641; x_wconf 95' lang='grc' dir='ltr'>ΙΙΙ</span> <span class='ocrx_word' id='word_1_9' title='bbox 935 1577 1019 1642; x_wconf 91' lang='lat' dir='ltr'>Non.</span> <span class='ocrx_word' id='word_1_10' title='bbox 1033 1577 1056 1642; x_wconf 87' lang='lat' dir='ltr'><strong>J</strong></span> <span class='ocrx_word' id='word_1_11' title='bbox 1058 1577 1101 1642; x_wconf 91' lang='lat' dir='ltr'>ul.</span> <span class='ocrx_word' id='word_1_12' title='bbox 1114 1577 1342 1644; x_wconf 80' lang='lat' dir='ltr'>MDOCOLVI</span> 
     </span>
     <span class='ocr_line' id='line_1_3' title="bbox 169 1675 1344 1766; baseline -0.001 -15"><span class='ocrx_word' id='word_1_13' title='bbox 169 1687 204 1751; x_wconf 90' lang='lat' dir='ltr'>in</span> <span class='ocrx_word' id='word_1_14' title='bbox 227 1685 301 1753; x_wconf 86' lang='lat' dir='ltr'>vico</span> <span class='ocrx_word' id='word_1_15' title='bbox 324 1684 503 1761; x_wconf 76' lang='lat' dir='ltr'>Marchica</span> <span class='ocrx_word' id='word_1_16' title='bbox 529 1683 582 1751; x_wconf 92' lang='lat' dir='ltr'>cui</span> <span class='ocrx_word' id='word_1_17' title='bbox 606 1689 658 1750; x_wconf 87' lang='lat' dir='ltr'>est</span> <span class='ocrx_word' id='word_1_18' title='bbox 681 1702 798 1749; x_wconf 88' lang='lat' dir='ltr'>nemen</span> <span class='ocrx_word' id='word_1_19' title='bbox 814 1675 1049 1765; x_wconf 62' lang='lat' dir='ltr'>Hohenhruch&#39;,</span> <span class='ocrx_word' id='word_1_20' title='bbox 1073 1689 1170 1766; x_wconf 89' lang='lat' dir='ltr'>patre</span> <span class='ocrx_word' id='word_1_21' title='bbox 1193 1685 1344 1751; x_wconf 82' lang='lat' dir='ltr'>Gustare</span> 
     </span>
     <span class='ocr_line' id='line_1_4' title="bbox 170 1789 1343 1873; baseline 0 -15"><span class='ocrx_word' id='word_1_22' title='bbox 170 1797 274 1860; x_wconf 89' lang='lat' dir='ltr'>matre</span> <span class='ocrx_word' id='word_1_23' title='bbox 302 1792 430 1857; x_wconf 88' lang='lat' dir='ltr'>Bertha</span> <span class='ocrx_word' id='word_1_24' title='bbox 457 1811 475 1856; x_wconf 88' lang='lat' dir='ltr'>e</span> <span class='ocrx_word' id='word_1_25' title='bbox 504 1795 605 1873; x_wconf 84' lang='lat' dir='ltr'>gente</span> <span class='ocrx_word' id='word_1_26' title='bbox 633 1789 753 1872; x_wconf 82' lang='lat' dir='ltr'>Sauer,</span> <span class='ocrx_word' id='word_1_27' title='bbox 789 1809 869 1870; x_wconf 86' lang='lat' dir='ltr'>ques</span> <span class='ocrx_word' id='word_1_28' title='bbox 903 1789 1012 1856; x_wconf 90' lang='lat' dir='ltr'>adhuc</span> <span class='ocrx_word' id='word_1_29' title='bbox 1040 1789 1240 1872; x_wconf 76' lang='lat' dir='ltr'><strong>superstites</strong></span> <span class='ocrx_word' id='word_1_30' title='bbox 1269 1810 1343 1858; x_wconf 85' lang='lat' dir='ltr'>esse</span> 
     </span>
     <span class='ocr_line' id='line_1_5' title="bbox 170 1896 1348 1981; baseline 0 -17"><span class='ocrx_word' id='word_1_31' title='bbox 170 1899 222 1981; x_wconf 88' lang='lat' dir='ltr'>pio</span> <span class='ocrx_word' id='word_1_32' title='bbox 246 1898 355 1965; x_wconf 87' lang='lat' dir='ltr'>anime</span> <span class='ocrx_word' id='word_1_33' title='bbox 379 1899 517 1981; x_wconf 81' lang='lat' dir='ltr'>gaudeo.</span> <span class='ocrx_word' id='word_1_34' title='bbox 569 1896 663 1962; x_wconf 77' lang='lat' dir='ltr'>Fidei</span> <span class='ocrx_word' id='word_1_35' title='bbox 687 1896 839 1962; x_wconf 90' lang='lat' dir='ltr'>addictus</span> <span class='ocrx_word' id='word_1_36' title='bbox 862 1915 934 1962; x_wconf 92' lang='lat' dir='ltr'>sum</span> <span class='ocrx_word' id='word_1_37' title='bbox 958 1897 1182 1979; x_wconf 83' lang='lat' dir='ltr'>evangelicae.</span> <span class='ocrx_word' id='word_1_38' title='bbox 1222 1897 1348 1964; x_wconf 91' lang='lat' dir='ltr'>Primis</span> 
     </span>
     <span class='ocr_line' id='line_1_6' title="bbox 170 2003 1346 2086; baseline 0 -16"><span class='ocrx_word' id='word_1_39' title='bbox 170 2005 360 2072; x_wconf 90' lang='lat' dir='ltr'>litterarum</span> <span class='ocrx_word' id='word_1_40' title='bbox 384 2003 559 2070; x_wconf 90' lang='lat' dir='ltr'>elementis</span> <span class='ocrx_word' id='word_1_41' title='bbox 580 2003 762 2070; x_wconf 86' lang='lat' dir='ltr'>domestica</span> <span class='ocrx_word' id='word_1_42' title='bbox 780 2003 955 2084; x_wconf 83' lang='lat' dir='ltr'>disciplina</span> <span class='ocrx_word' id='word_1_43' title='bbox 971 2003 1117 2070; x_wconf 92' lang='lat' dir='ltr'>imbutus</span> <span class='ocrx_word' id='word_1_44' title='bbox 1132 2004 1346 2086; x_wconf 77' lang='lat' dir='ltr'>frequentavi</span> 
     </span>
     <span class='ocr_line' id='line_1_7' title="bbox 171 2109 1346 2194; baseline 0 -16"><span class='ocrx_word' id='word_1_45' title='bbox 171 2109 378 2194; x_wconf 83' lang='lat' dir='ltr'>gymnasium</span> <span class='ocrx_word' id='word_1_46' title='bbox 401 2109 825 2176; x_wconf 84' lang='lat' dir='ltr'>Fridericum·Guilelmnm</span> <span class='ocrx_word' id='word_1_47' title='bbox 847 2109 1064 2176; x_wconf 88' lang='lat' dir='ltr'>Berelinense</span> <span class='ocrx_word' id='word_1_48' title='bbox 1088 2116 1123 2176; x_wconf 87' lang='lat' dir='ltr'>et</span> <span class='ocrx_word' id='word_1_49' title='bbox 1145 2130 1205 2192; x_wconf 86' lang='lat' dir='ltr'>per</span> <span class='ocrx_word' id='word_1_50' title='bbox 1227 2131 1346 2179; x_wconf 83' lang='lat' dir='ltr'>novem</span> 
     </span>
     <span class='ocr_line' id='line_1_8' title="bbox 171 2216 1346 2301; baseline -0.001 -17"><span class='ocrx_word' id='word_1_51' title='bbox 171 2219 241 2284; x_wconf 84' lang='lat' dir='ltr'>fere</span> <span class='ocrx_word' id='word_1_52' title='bbox 270 2235 401 2284; x_wconf 88' lang='lat' dir='ltr'>meuses</span> <span class='ocrx_word' id='word_1_53' title='bbox 429 2216 638 2301; x_wconf 86' lang='lat' dir='ltr'>gymnasium</span> <span class='ocrx_word' id='word_1_54' title='bbox 666 2216 923 2300; x_wconf 82' lang='lat' dir='ltr'>Vitebergense,</span> <span class='ocrx_word' id='word_1_55' title='bbox 953 2236 1016 2298; x_wconf 88' lang='lat' dir='ltr'>quo</span> <span class='ocrx_word' id='word_1_56' title='bbox 1045 2217 1163 2284; x_wconf 86' lang='lat' dir='ltr'>relicto</span> <span class='ocrx_word' id='word_1_57' title='bbox 1192 2219 1227 2286; x_wconf 92' lang='lat' dir='ltr'>in</span> <span class='ocrx_word' id='word_1_58' title='bbox 1251 2217 1346 2284; x_wconf 87' lang='lat' dir='ltr'>semi-</span> 
     </span>
     <span class='ocr_line' id='line_1_9' title="bbox 172 2321 1346 2406; baseline 0.001 -17"><span class='ocrx_word' id='word_1_59' title='bbox 172 2323 299 2391; x_wconf 87' lang='lat' dir='ltr'>narium</span> <span class='ocrx_word' id='word_1_60' title='bbox 313 2323 547 2406; x_wconf 81' lang='lat' dir='ltr'>magistrorum</span> <span class='ocrx_word' id='word_1_61' title='bbox 553 2321 768 2388; x_wconf 86' lang='lat' dir='ltr'>Beralinense</span> <span class='ocrx_word' id='word_1_62' title='bbox 780 2329 933 2406; x_wconf 89' lang='lat' dir='ltr'>receptus</span> <span class='ocrx_word' id='word_1_63' title='bbox 946 2342 1017 2388; x_wconf 90' lang='lat' dir='ltr'>sum</span> <span class='ocrx_word' id='word_1_64' title='bbox 1031 2329 1065 2391; x_wconf 87' lang='lat' dir='ltr'>et</span> <span class='ocrx_word' id='word_1_65' title='bbox 1077 2330 1153 2406; x_wconf 86' lang='lat' dir='ltr'>post</span> <span class='ocrx_word' id='word_1_66' title='bbox 1165 2325 1346 2392; x_wconf 80' lang='lat' dir='ltr'>triennium</span> 
     </span>
     <span class='ocr_line' id='line_1_10' title="bbox 172 2428 1345 2512; baseline -0.002 -13"><span class='ocrx_word' id='word_1_67' title='bbox 172 2431 271 2499; x_wconf 91' lang='lat' dir='ltr'>venia</span> <span class='ocrx_word' id='word_1_68' title='bbox 294 2431 474 2512; x_wconf 84' lang='lat' dir='ltr'>impetrata</span> <span class='ocrx_word' id='word_1_69' title='bbox 497 2447 617 2511; x_wconf 88' lang='lat' dir='ltr'>pueros</span> <span class='ocrx_word' id='word_1_70' title='bbox 638 2428 819 2511; x_wconf 87' lang='lat' dir='ltr'>primordia</span> <span class='ocrx_word' id='word_1_71' title='bbox 842 2429 1030 2496; x_wconf 87' lang='lat' dir='ltr'>litterarum</span> <span class='ocrx_word' id='word_1_72' title='bbox 1054 2430 1150 2498; x_wconf 89' lang='lat' dir='ltr'>docui</span> <span class='ocrx_word' id='word_1_73' title='bbox 1173 2431 1208 2496; x_wconf 94' lang='lat' dir='ltr'>in</span> <span class='ocrx_word' id='word_1_74' title='bbox 1233 2431 1345 2498; x_wconf 84' lang='lat' dir='ltr'>schola</span> 
     </span>
     <span class='ocr_line' id='line_1_11' title="bbox 124 2535 1348 2619; baseline 0 -15"><span class='ocrx_word' id='word_1_75' title='bbox 124 2586 126 2591; x_wconf 79' lang='lat'><em>·</em></span> <span class='ocrx_word' id='word_1_76' title='bbox 172 2537 314 2619; x_wconf 88' lang='lat' dir='ltr'>quadam</span> <span class='ocrx_word' id='word_1_77' title='bbox 341 2535 485 2619; x_wconf 88' lang='lat' dir='ltr'>privata.</span> <span class='ocrx_word' id='word_1_78' title='bbox 533 2537 616 2602; x_wconf 90' lang='lat' dir='ltr'>Post</span> <span class='ocrx_word' id='word_1_79' title='bbox 642 2554 759 2602; x_wconf 91' lang='lat' dir='ltr'>novem</span> <span class='ocrx_word' id='word_1_80' title='bbox 789 2555 918 2602; x_wconf 88' lang='lat' dir='ltr'>menses</span> <span class='ocrx_word' id='word_1_81' title='bbox 947 2555 1082 2602; x_wconf 88' lang='lat' dir='ltr'>munere</span> <span class='ocrx_word' id='word_1_82' title='bbox 1114 2555 1166 2602; x_wconf 85' lang='lat' dir='ltr'>me</span> <span class='ocrx_word' id='word_1_83' title='bbox 1193 2537 1348 2604; x_wconf 83' lang='lat' dir='ltr'>abdicavi</span> 
     </span>
     <span class='ocr_line' id='line_1_12' title="bbox 174 2642 1345 2726; baseline 0.001 -17"><span class='ocrx_word' id='word_1_84' title='bbox 174 2649 209 2710; x_wconf 88' lang='lat' dir='ltr'>et</span> <span class='ocrx_word' id='word_1_85' title='bbox 224 2643 344 2709; x_wconf 90' lang='lat' dir='ltr'>studiis</span> <span class='ocrx_word' id='word_1_86' title='bbox 361 2643 418 2709; x_wconf 95' lang='lat' dir='ltr'>diu</span> <span class='ocrx_word' id='word_1_87' title='bbox 433 2642 635 2709; x_wconf 77' lang='lat' dir='ltr'>intermissis</span> <span class='ocrx_word' id='word_1_88' title='bbox 652 2662 784 2724; x_wconf 88' lang='lat' dir='ltr'>operam</span> <span class='ocrx_word' id='word_1_89' title='bbox 800 2662 925 2710; x_wconf 84' lang='lat' dir='ltr'>navare</span> <span class='ocrx_word' id='word_1_90' title='bbox 949 2643 1050 2726; x_wconf 86' lang='lat' dir='ltr'>coepi.</span> <span class='ocrx_word' id='word_1_91' title='bbox 1091 2644 1210 2725; x_wconf 86' lang='lat' dir='ltr'>Itaque</span> <span class='ocrx_word' id='word_1_92' title='bbox 1233 2645 1345 2726; x_wconf 87' lang='lat' dir='ltr'>paullo</span> 
     </span>
     <span class='ocr_line' id='line_1_13' title="bbox 173 2748 1348 2832; baseline 0.001 -18"><span class='ocrx_word' id='word_1_93' title='bbox 173 2754 248 2832; x_wconf 86' lang='lat' dir='ltr'>post</span> <span class='ocrx_word' id='word_1_94' title='bbox 275 2749 396 2815; x_wconf 87' lang='lat' dir='ltr'>iterum</span> <span class='ocrx_word' id='word_1_95' title='bbox 419 2755 574 2832; x_wconf 88' lang='lat' dir='ltr'>receptus</span> <span class='ocrx_word' id='word_1_96' title='bbox 602 2768 674 2815; x_wconf 89' lang='lat' dir='ltr'>sum</span> <span class='ocrx_word' id='word_1_97' title='bbox 702 2749 737 2813; x_wconf 92' lang='lat' dir='ltr'>in</span> <span class='ocrx_word' id='word_1_98' title='bbox 765 2748 972 2831; x_wconf 86' lang='lat' dir='ltr'>gymnasium</span> <span class='ocrx_word' id='word_1_99' title='bbox 996 2749 1348 2816; x_wconf 78' lang='lat' dir='ltr'>Fridericum-Guilel-</span> 
     </span>
     <span class='ocr_line' id='line_1_14' title="bbox 174 2855 1346 2938; baseline 0 -16"><span class='ocrx_word' id='word_1_100' title='bbox 174 2875 270 2938; x_wconf 87' lang='lat' dir='ltr'>mum,</span> <span class='ocrx_word' id='word_1_101' title='bbox 288 2855 373 2937; x_wconf 85' lang='lat' dir='ltr'>quod</span> <span class='ocrx_word' id='word_1_102' title='bbox 386 2855 576 2922; x_wconf 82' lang='lat' dir='ltr'>etiamnunc</span> <span class='ocrx_word' id='word_1_103' title='bbox 588 2855 745 2938; x_wconf 87' lang='lat' dir='ltr'>auspiciis</span> <span class='ocrx_word' id='word_1_104' title='bbox 757 2855 875 2920; x_wconf 85' lang='lat' dir='ltr'>Karnii</span> <span class='ocrx_word' id='word_1_105' title='bbox 887 2855 953 2922; x_wconf 92' lang='lat' dir='ltr'>viri</span> <span class='ocrx_word' id='word_1_106' title='bbox 965 2856 1193 2922; x_wconf 87' lang='lat' dir='ltr'>humanissimi</span> <span class='ocrx_word' id='word_1_107' title='bbox 1205 2856 1346 2923; x_wconf 86' lang='lat' dir='ltr'>maxime</span> 
     </span>
     <span class='ocr_line' id='line_1_15' title="bbox 174 2961 1349 3030; baseline 0.001 -2"><span class='ocrx_word' id='word_1_108' title='bbox 174 2963 278 3028; x_wconf 88' lang='lat' dir='ltr'>fleret.</span> <span class='ocrx_word' id='word_1_109' title='bbox 326 2961 415 3026; x_wconf 89' lang='lat' dir='ltr'>Vere</span> <span class='ocrx_word' id='word_1_110' title='bbox 442 2961 521 3027; x_wconf 88' lang='lat' dir='ltr'>anni</span> <span class='ocrx_word' id='word_1_111' title='bbox 549 2963 581 3026; x_wconf 93' lang='lat' dir='ltr'>h.</span> <span class='ocrx_word' id='word_1_112' title='bbox 611 2981 636 3027; x_wconf 91' lang='lat' dir='ltr'>s.</span> <span class='ocrx_word' id='word_1_113' title='bbox 666 2961 817 3027; x_wconf 80' lang='lat' dir='ltr'><strong>[XXIX</strong></span> <span class='ocrx_word' id='word_1_114' title='bbox 845 2961 1050 3028; x_wconf 89' lang='lat' dir='ltr'>maturitatis</span> <span class='ocrx_word' id='word_1_115' title='bbox 1078 2963 1269 3030; x_wconf 87' lang='lat' dir='ltr'>testimonio</span> <span class='ocrx_word' id='word_1_116' title='bbox 1301 2964 1349 3029; x_wconf 92' lang='lat' dir='ltr'>in-</span> 
     </span>
     <span class='ocr_line' id='line_1_16' title="bbox 175 3065 1350 3138; baseline 0.002 -4"><span class='ocrx_word' id='word_1_117' title='bbox 175 3071 322 3134; x_wconf 88' lang='lat' dir='ltr'>structus</span> <span class='ocrx_word' id='word_1_118' title='bbox 352 3073 385 3133; x_wconf 91' lang='lat' dir='ltr'>et</span> <span class='ocrx_word' id='word_1_119' title='bbox 420 3065 550 3134; x_wconf 87' lang='lat' dir='ltr'>civibus</span> <span class='ocrx_word' id='word_1_120' title='bbox 582 3067 814 3134; x_wconf 86' lang='lat' dir='ltr'>universitatis</span> <span class='ocrx_word' id='word_1_121' title='bbox 842 3067 1034 3135; x_wconf 85' lang='lat' dir='ltr'>Fridericae</span> <span class='ocrx_word' id='word_1_122' title='bbox 1048 3103 1059 3114; x_wconf 95' lang='lat'>·</span> <span class='ocrx_word' id='word_1_123' title='bbox 1073 3069 1259 3136; x_wconf 79' lang='lat' dir='ltr'>Guilelmus</span> <span class='ocrx_word' id='word_1_124' title='bbox 1289 3071 1350 3138; x_wconf 89' lang='lat' dir='ltr'>Be·</span> 
     </span>
     <span class='ocr_line' id='line_1_17' title="bbox 175 3173 1349 3256; baseline 0.002 -16"><span class='ocrx_word' id='word_1_125' title='bbox 175 3173 350 3241; x_wconf 88' lang='lat' dir='ltr'>rolinensis</span> <span class='ocrx_word' id='word_1_126' title='bbox 378 3173 566 3255; x_wconf 88' lang='lat' dir='ltr'>adscriptus</span> <span class='ocrx_word' id='word_1_127' title='bbox 595 3194 654 3256; x_wconf 88' lang='lat' dir='ltr'>per</span> <span class='ocrx_word' id='word_1_128' title='bbox 682 3174 787 3240; x_wconf 89' lang='lat' dir='ltr'>octies</span> <span class='ocrx_word' id='word_1_129' title='bbox 817 3193 876 3240; x_wconf 82' lang='lat' dir='ltr'>sex</span> <span class='ocrx_word' id='word_1_130' title='bbox 904 3193 1032 3240; x_wconf 86' lang='lat' dir='ltr'>meuses</span> <span class='ocrx_word' id='word_1_131' title='bbox 1060 3173 1198 3243; x_wconf 72' lang='lat' dir='ltr'>interfui</span> <span class='ocrx_word' id='word_1_132' title='bbox 1227 3175 1349 3242; x_wconf 87' lang='lat' dir='ltr'>scholis</span> 
     </span>
     <span class='ocr_line' id='line_1_18' title="bbox 176 3280 1350 3365; baseline 0 -17"><span class='ocrx_word' id='word_1_133' title='bbox 176 3301 207 3348; x_wconf 90' lang='lat' dir='ltr'>v.</span> <span class='ocrx_word' id='word_1_134' title='bbox 225 3281 272 3347; x_wconf 87' lang='lat' dir='ltr'>ill.</span> <span class='ocrx_word' id='word_1_135' title='bbox 288 3280 470 3364; x_wconf 85' lang='lat' dir='ltr'>Dillmann,</span> <span class='ocrx_word' id='word_1_136' title='bbox 496 3281 631 3365; x_wconf 77' lang='lat' dir='ltr'>Ermum,</span> <span class='ocrx_word' id='word_1_137' title='bbox 649 3281 781 3364; x_wconf 87' lang='lat' dir='ltr'>Harms‚</span> <span class='ocrx_word' id='word_1_138' title='bbox 798 3282 966 3363; x_wconf 90' lang='lat' dir='ltr'>Huebuer‚</span> <span class='ocrx_word' id='word_1_139' title='bbox 989 3283 1171 3360; x_wconf 86' lang='lat' dir='ltr'>Kirchh0ff‚</span> <span class='ocrx_word' id='word_1_140' title='bbox 1189 3283 1350 3350; x_wconf 88' lang='lat' dir='ltr'>Muellen-</span> 
     </span>
     <span class='ocr_line' id='line_1_19' title="bbox 177 3387 1349 3476; baseline 0.003 -25"><span class='ocrx_word' id='word_1_141' title='bbox 177 3387 251 3470; x_wconf 87' lang='lat' dir='ltr'>hoff,</span> <span class='ocrx_word' id='word_1_142' title='bbox 275 3387 428 3470; x_wconf 87' lang='lat' dir='ltr'>Paulseu,</span> <span class='ocrx_word' id='word_1_143' title='bbox 453 3387 630 3472; x_wconf 83' lang='lat' dir='ltr'>Roediger‚</span> <span class='ocrx_word' id='word_1_144' title='bbox 657 3388 807 3476; x_wconf 85' lang='lat' dir='ltr'>Scherer,</span> <span class='ocrx_word' id='word_1_145' title='bbox 837 3389 998 3464; x_wconf 86' lang='lat' dir='ltr'>Schmidt,</span> <span class='ocrx_word' id='word_1_146' title='bbox 1023 3389 1181 3472; x_wconf 85' lang='lat' dir='ltr'>Semisch,</span> <span class='ocrx_word' id='word_1_147' title='bbox 1210 3389 1349 3473; x_wconf 85' lang='lat' dir='ltr'>Vahlen,</span> 
     </span>
     <span class='ocr_line' id='line_1_20' title="bbox 177 3493 1351 3580; baseline 0.003 -22"><span class='ocrx_word' id='word_1_148' title='bbox 177 3493 298 3573; x_wconf 89' lang='lat' dir='ltr'>Zeller‚</span> <span class='ocrx_word' id='word_1_149' title='bbox 328 3493 445 3575; x_wconf 86' lang='lat' dir='ltr'>quibus</span> <span class='ocrx_word' id='word_1_150' title='bbox 469 3493 552 3561; x_wconf 91' lang='lat' dir='ltr'>viris</span> <span class='ocrx_word' id='word_1_151' title='bbox 576 3494 697 3576; x_wconf 87' lang='lat' dir='ltr'>optime</span> <span class='ocrx_word' id='word_1_152' title='bbox 721 3496 761 3562; x_wconf 87' lang='lat' dir='ltr'>de</span> <span class='ocrx_word' id='word_1_153' title='bbox 784 3515 836 3560; x_wconf 87' lang='lat' dir='ltr'>me</span> <span class='ocrx_word' id='word_1_154' title='bbox 860 3495 989 3562; x_wconf 91' lang='lat' dir='ltr'>meritis</span> <span class='ocrx_word' id='word_1_155' title='bbox 1013 3496 1142 3579; x_wconf 85' lang='lat' dir='ltr'>gratias</span> <span class='ocrx_word' id='word_1_156' title='bbox 1166 3515 1228 3580; x_wconf 83' lang='lat' dir='ltr'>age</span> <span class='ocrx_word' id='word_1_157' title='bbox 1253 3515 1351 3577; x_wconf 90' lang='lat' dir='ltr'>quam</span> 
     </span>
     <span class='ocr_line' id='line_1_21' title="bbox 176 3602 881 3686; baseline 0 -18"><span class='ocrx_word' id='word_1_158' title='bbox 176 3602 337 3669; x_wconf 84' lang='lat' dir='ltr'>maximas</span> <span class='ocrx_word' id='word_1_159' title='bbox 361 3621 555 3685; x_wconf 90' lang='lat' dir='ltr'>semperque</span> <span class='ocrx_word' id='word_1_160' title='bbox 578 3603 720 3686; x_wconf 85' lang='lat' dir='ltr'>gratiam</span> <span class='ocrx_word' id='word_1_161' title='bbox 745 3603 881 3670; x_wconf 87' lang='lat' dir='ltr'>habebo.</span> 
     </span>
    </p>
   </div>
   <div class='ocr_carea' id='block_1_3' title="bbox 458 4521 1073 4573">
    <p class='ocr_par' dir='ltr' id='par_1_3' title="bbox 458 4521 1073 4573">
     <span class='ocr_line' id='line_1_22' title="bbox 458 4521 1073 4573; baseline 0.002 -11"><span class='ocrx_word' id='word_1_162' title='bbox 458 4523 523 4573; x_wconf 79' lang='lat' dir='ltr'>&#39;lypis</span> <span class='ocrx_word' id='word_1_163' title='bbox 534 4525 684 4573; x_wconf 82' lang='lat' dir='ltr'>expresserunt</span> <span class='ocrx_word' id='word_1_164' title='bbox 694 4523 725 4562; x_wconf 93' lang='lat' dir='ltr'>W.</span> <span class='ocrx_word' id='word_1_165' title='bbox 737 4523 752 4563; x_wconf 78' lang='lat' dir='ltr'>d</span> <span class='ocrx_word' id='word_1_166' title='bbox 764 4523 785 4561; x_wconf 78' lang='lat' dir='ltr'>S.</span> <span class='ocrx_word' id='word_1_167' title='bbox 795 4523 936 4570; x_wconf 76' lang='lat' dir='ltr'>Loawenthal</span> <span class='ocrx_word' id='word_1_168' title='bbox 947 4521 1040 4562; x_wconf 79' lang='lat' dir='ltr'>Baraliui</span> <span class='ocrx_word' id='word_1_169' title='bbox 1051 4521 1073 4563; x_wconf 81' lang='grc' dir='ltr'>Ο.</span> 
     </span>
    </p>
   </div>
   <div class='ocr_carea' id='block_1_4' title="bbox 0 0 1622 4884">
    <p class='ocr_par' dir='ltr' id='par_1_4' title="bbox 0 0 1622 4884">
     <span class='ocr_line' id='line_1_23' title="bbox 0 0 1622 4884; baseline 0 0"><span class='ocrx_word' id='word_1_170' title='bbox 0 0 1622 4884; x_wconf 95' lang='lat' dir='ltr'> </span> 
     </span>
    </p>
   </div>
  </div>
 </body>
</html>
