3182 4888
670 305 888 365 *ll—-

192 499 267 584 fiat,
310 499 496 584 videamuS,
541 516 604 581 quo
643 498 779 566 consilio
818 499 964 580 scriptor
1004 518 1166 581 quamque
1190 499 1368 591 rationem

194 606 397 674 adhibuerit.

282 740 285 748 ’
363 720 391 789 1)
410 717 536 787 1113,36“.
568 723 623 780 τοῖς
644 721 831 789 περικειμένοις
847 719 975 790 χρυσίοις.

281 820 481 904 Kruegoro¹l
505 824 641 888 auctore
664 820 728 886 hac
755 819 924 903 participii
949 820 1166 887 collocatione
1189 820 1368 902 indicatur,

192 928 284 995 illius
322 927 490 995 notionem
530 926 664 994 maioris
703 927 861 994 momenti
906 945 979 994 osse
1017 947 1115 1010 quam
1153 927 1368 1013 substantivi,

193 1032 409 1114 Matthiaeo²)
438 1035 570 1102 videtur
597 1033 807 1116 participium
842 1038 912 1100 tam
940 1038 1015 1102 arte
1050 1054 1123 1101 cum
1158 1034 1368 1102 substantivo

194 1144 382 1219 cohaerere,
406 1147 444 1208 ut
460 1141 632 1222 utriusque
648 1140 801 1230 notiones
822 1159 927 1223 paene
943 1141 1145 1226 coalescant,
1170 1139 1368 1219 Braunius³l

196 1253 305 1332 putat,
329 1247 506 1333 participio
524 1247 724 1315 contrariam
741 1249 905 1329 quandam
921 1248 1088 1314 notionem
1105 1252 1195 1314 tecte
1216 1247 1367 1314 refutari.

193 1357 393 1439 Exemplum
417 1355 622 1438 adscriptum
646 1356 721 1422 luce
744 1354 866 1422 clarius
896 1356 1119 1440 demonstrat,
1149 1355 1369 1422 Matthiaoum

192 1465 297 1530 solum
325 1466 417 1529 recte
446 1461 662 1538 iudicavisse,
692 1481 764 1528 cum
794 1462 950 1545 quidnam
977 1461 1030 1527 illi
1059 1481 1246 1549 περικειμένας
1274 1481 1369 1544 oppo-

192 1575 306 1655 natur,
335 1589 400 1636 non
429 1569 576 1652 videam,
606 1575 706 1651 atque
735 1589 794 1636 our
822 1570 1035 1652 participium
1064 1571 1171 1654 magis
1199 1574 1370 1652 prematur

192 1698 287 1760 quam
310 1695 432 1766 χρυσίοις
457 1697 499 1744 ne
522 1677 658 1744 minima
683 1678 814 1760 quidem
836 1678 882 1744 sit
906 1697 1015 1745 causa.
1339 1768 1343 1773 .

361 1799 392 1870 2)
412 1800 426 1854 I
444 1797 533 1867 95,st
568 1803 654 1854 ἀδικία
678 1801 758 1871 πολλὴ
781 1806 956 1872 κατηγορεῖτο
979 1803 1063 1855 αὐτοῦ
1091 1802 1139 1854 ὑπὸ
1165 1807 1216 1855 τῶν
1237 1798 1369 1872 Ἑλλήνων

407 1896 459 1944 τῶν
478 1892 683 1961 ἀφικνουμένων.

282 2000 335 2066 Ex
352 2004 510 2066 contextu
527 1999 768 2066 sententiarum
785 2001 946 2092 perfacile
964 1999 1189 2084 colligeretur,
1214 1999 1243 2065 si
1266 1999 1369 2080 parti·

144 2147 148 2156 ·
194 2107 315 2190 cipium
338 2107 494 2194 omissum
518 2112 618 2190 esset,
643 2108 726 2174 haec
749 2107 815 2173 dici
832 2108 872 2174 de
891 2106 1029 2174 Graecis
1047 2108 1088 2174 ab
1112 2106 1263 2173 exercitu
1278 2106 1369 2174 veni-

194 2215 344 2292 entibus;
383 2215 497 2297 itaque
535 2214 680 2282 Braunio
720 2215 963 2298 adstipulamur
1003 2214 1230 2298 confirmanti,
1268 2215 1369 2296 parti·

193 2322 314 2404 cipium
342 2324 381 2388 ut
409 2343 510 2404 supra
538 2341 611 2390 cum
640 2323 772 2390 nomine
802 2323 950 2389 iunctum
979 2341 1050 2388 rem
1075 2322 1259 2398 continere,
1286 2341 1369 2403 quae

194 2429 260 2496 iam
289 2429 361 2512 ipso
390 2429 601 2499 substantivo
625 2434 716 2497 tecte
739 2430 916 2498 indicetur.
962 2431 1075 2512 Neque
1104 2430 1227 2496 idcirco
1251 2429 1369 2496 mirum

193 2542 261 2621 est,
297 2539 383 2618 quod
411 2538 499 2620 apud
528 2538 753 2621 Thucydidem
782 2540 864 2605 baec
900 2538 1077 2621 copulandi
1112 2538 1199 2659 ra'tio
1233 2557 1368 2621 perraro

193 2649 324 2711 tantum
340 2645 523 2730 iuvenitur,
547 2665 620 2712 oum
636 2645 816 2714 brevitatis
833 2645 1080 2712 amantissimus
1098 2649 1241 2727 scriptor
1257 2645 1369 2728 potius

193 2752 364 2820 obscurius
382 2773 479 2834 quam
497 2753 659 2836 copiosius
674 2754 838 2835 loquatur.
878 2753 986 2820 Nolim
1003 2757 1116 2819 tamen
1133 2773 1206 2821 cum
1222 2753 1368 2820 Braunio

194 2861 410 2944 contendero,
446 2860 622 2944 participio
659 2861 863 2930 substantivi
900 2861 1067 2928 notionem
1096 2881 1163 2928 uon
1191 2861 1369 2944 immutari,

195 2966 272 3047 quia
293 2967 470 3050 participio
493 2967 680 3051 imperfecti
703 2969 833 3036 demum
860 2968 1044 3054 indicatur,
1074 2969 1275 3036 Pausaniam
1304 2987 1369 3034 uon

193 3074 235 3140 ab
258 3073 382 3140 eisdem
405 3073 608 3160 hominibus,
638 3077 697 3142 sed
721 3076 873 3157 quotiens
898 3075 971 3158 quis
1000 3075 1035 3142 in
1057 3076 1202 3159 patriam
1225 3075 1368 3158 redibat,

194 3185 387 3249 accusatum
411 3201 493 3250 esse.
1130 3192 1132 3194 ’

354 3293 389 3365 3)
406 3298 426 3350 Ι
434 3294 525 3364 25,15.
554 3299 623 3368 γέρα
642 3298 675 3351 τὰ
698 3299 864 3364 νομιζόμενα.

282 3396 433 3479 Apparet
467 3397 680 3481 participium
716 3417 753 3464 eo
782 3397 888 3481 magis
924 3399 1061 3465 lectoris
1096 3397 1241 3466 animum
1269 3399 1302 3464 in
1334 3420 1370 3466 se

194 3508 403 3581 convertere,
441 3523 503 3585 quo
532 3505 639 3570 minus
667 3509 743 3586 post
778 3505 1024 3574 substantivum
1053 3505 1195 3572 articulo
1224 3525 1289 3572 non
1321 3506 1370 3572 in·

194 3614 359 3676 structum
409 3611 620 3694 participium
671 3611 750 3678 addi
803 3615 1026 3693 exspectatur.
1095 3613 1208 3694 Neque
1258 3619 1371 3680 tamen

194 3714 415 3796 Classenius⁴)
444 3717 517 3786 iure
545 3718 677 3787 videtur
707 3721 839 3804 docere,
874 3719 1042 3786 notionem
1071 3720 1241 3805 participii
1269 3721 1370 3787 etiam

193 3824 299 3907 magis
322 3826 427 3907 premi
450 3846 548 3908 quam
573 3827 795 3912 substantivi,
819 3847 925 3909 neque
948 3828 1131 3914 BrauniuS,
1158 3828 1369 3896 substantivo

193 3935 284 3998 tecte
310 3932 411 3999 aliam
435 3933 602 4001 notionem
625 3935 753 4016 opponi.
796 3935 832 4002 Si
855 3935 941 4002 enim
959 3935 1256 4017 comparaverimus
1279 3936 1369 4001 inter

194 4060 231 4107 SO
254 4041 314 4106 hOS
338 4040 426 4106 lOssOS
450 4053 556 4124 III‚I3
571 4060 650 4128 μέρει
669 4061 707 4129 τῷ
726 4059 767 4112 ἀεὶ
787 4060 902 4130 παρόντι,
921 4060 940 4112 Ι
949 4057 1029 4125 67,Ῑῖ
1047 4059 1174 4130 ξύλλογον
1187 4064 1263 4128 σφῶν
1282 4059 1369 4112 αὐτῶν

287 4217 309 4286 Ι)
329 4217 376 4272 Gr.
398 4233 439 4286 gr.
460 4220 502 4279 50,
522 4219 546 4275 8.
568 4219 580 4273 l
601 4235 636 4271 no
656 4220 680 4274 1.

285 4306 307 4374 ²)
327 4306 375 4360 Gr.
396 4323 436 4375 gr.
457 4309 470 4372 ξ
490 4309 550 4362 277.

284 4396 307 4464 ³)
326 4395 424 4464 Progr.
446 4396 622 4464 Braunsberg
643 4398 766 4466 labosar.

283 4483 306 4550 4)
326 4483 417 4539 adnot.
437 4485 473 4538 ad
490 4485 514 4549 I,
536 4487 558 4550 1,
580 4487 604 4540 6.
