3182 4888
688 329 822 390 ..13
869 362 911 372 .-

215 519 353 586 eandem
377 519 444 586 vim
468 521 602 604 habent,
627 524 686 587 aut
710 521 853 587 alterum
877 523 984 588 altero
1007 521 1114 589 artius
1136 543 1208 590 cum
1233 527 1386 592 substan-

212 626 282 693 tivo
306 627 477 710 cohaeret,
506 626 556 693 ita
583 630 622 693 ut
645 646 717 694 cum
747 646 786 693 eo
809 647 914 710 paene
937 648 1036 696 unam
1060 630 1226 696 notionem
1251 631 1384 698 efficiat.

213 732 293 800 Cum
320 733 499 817 participia
525 754 639 817 parem
662 735 729 802 vim
758 735 954 818 praebentia
981 736 1210 804 coniunctione
1234 738 1324 805 inter
1348 758 1384 804 se

213 841 418 922 copulentur,
443 841 526 907 haec
548 841 638 908 bisce
661 841 732 909 iere
755 843 860 908 modis
884 843 1102 911 collocantur:

377 952 552 1023 a>11163,7.
587 961 635 1025 τῆς
661 960 713 1008 τῶν
737 953 947 1022 Λακεδαιμονίων
975 961 1059 1012 τῶνδε
1086 959 1136 1030 ἦλα
1165 961 1206 1012 ἐπὶ
1237 962 1275 1030 τῷ
1303 959 1385 1032 Μήδῳ

425 1062 574 1132 ξυμμαχίας
595 1065 780 1134 γεγενημένης.

375 1167 406 1237 β)
425 1166 541 1235 123,16“.
560 1171 577 1239 ἡ
596 1171 646 1241 οὐχ
663 1171 755 1240 ἥκιστα
773 1171 902 1238 βλάψασα
921 1175 937 1243 ἡ
956 1172 1088 1244 lemmate
1107 1176 1191 1234 νόσος.

375 1277 403 1346 γ)
423 1273 518 1344 196,8.
540 1279 555 1329 ὁ
575 1281 680 1348 πρῶτος
698 1277 784 1348 φύρας
802 1281 920 1350 ταχθείς.

301 1377 492 1443 Classenius
524 1376 586 1444 hoc
617 1379 688 1444 loco
721 1379 812 1444 nullo
845 1379 917 1445 iure
941 1382 1079 1447 eandem
1103 1382 1257 1464 agnoscit
1280 1383 1382 1450 traie-

212 1483 364 1570 ctionem,
388 1507 485 1568 quam
500 1487 594 1553 modo
612 1501 680 1571 (ap)
704 1487 858 1565 vidimus,
883 1487 940 1554 ubi
963 1488 1192 1556 additamenta
1214 1490 1384 1574 participii

211 1597 291 1658 ante
330 1593 576 1662 substantivum
616 1585 840 1661 inveniuntur.
902 1595 1016 1676 Neque
1061 1596 1162 1664 etiam
1200 1597 1254 1662 hie
1293 1597 1384 1664 locus
1454 1593 1456 1598 ’

209 1716 229 1767 I
233 1713 297 1781 18,1
315 1718 341 1770 oi
359 1719 388 1769 ἐκ
407 1723 454 1787 τῆς
471 1714 551 1787 ἄλλης
565 1714 688 1778 Ἑλλάδος
706 1717 747 1770 ἐπὶ
766 1718 891 1771 πολὺκαὶ
910 1719 968 1789 πρὶν
987 1721 1207 1790 τυραννευιλείαης
1226 1705 1290 1770 huo
1313 1723 1384 1787 pel*-

210 1806 307 1873 tinet.
360 1808 477 1874 Placet
510 1807 614 1893 igitur
641 1809 854 1875 Kuehnerum
884 1810 977 1891 sequi
1013 1811 1068 1892 qui
1103 1811 1214 1890 docet,
1251 1812 1383 1895 saepius

210 1913 410 1981 attributum
437 1915 615 2000 inclusum,
651 1921 689 1981 ut
716 1916 767 1984 ita
794 1917 915 2002 dicam,
953 1918 1108 2000 subsequi
1136 1918 1383 1985 substantivum

210 2021 350 2089 articulo
385 2043 451 2090 non
485 2023 638 2108 repetito.
698 2023 1039 2094 Animadvertendum
1074 2045 1154 2092 vero
1194 2031 1260 2108 est,
1300 2026 1383 2092 locis

210 2129 388 2213 adscriptis
426 2129 638 2213 participium
676 2130 810 2198 minime
847 2131 1110 2215 praedicativam
1145 2131 1213 2200 vim
1247 2133 1381 2210 habere,

211 2257 284 2304 cum
307 2237 372 2304 iam
396 2243 498 2306 antea
522 2238 689 2322 cogitetur
712 2257 809 2320 quam
832 2239 974 2323 legatur.

758 2421 831 2498 ξὸ.

253 2567 257 2576 ’
300 2560 380 2627 Cum
403 2560 614 2644 participium
638 2559 727 2628 inter
751 2561 926 2628 articulum
956 2567 991 2627 et
1014 2560 1259 2630 substantivum
1285 2563 1382 2630 collo-

211 2673 320 2735 catum
349 2689 421 2735 cum
450 2670 511 2735 hoc
538 2689 644 2752 paene
673 2670 854 2754 coalescat,
883 2669 1000 2735 mirum
1029 2690 1095 2736 non
1118 2669 1267 2755 videtur,
1297 2672 1381 2752 quod

209 2795 367 2860 persaepe
391 2777 648 2861 substantivum,
673 2777 701 2842 si
724 2777 823 2844 facile
847 2777 1132 2862 subintellegitm·,
1161 2777 1292 2844 omnino
1316 2799 1380 2845 non

192 2889 496 2970 commemoratur,
525 2886 582 2952 scd
607 2885 748 2952 articulo
772 2889 862 2952 tecte
886 2885 1099 2968 significatur.
1145 2886 1218 2952 Non
1241 2886 1381 2969 respicio

208 2993 263 3060 hic
287 2994 514 3078 substantiva,
549 2994 644 3061 velut
671 3013 766 3082 γέρων,
786 3012 920 3082 θεράπων,
950 3014 1033 3076 quae
1062 3013 1166 3076 aeque
1194 3013 1233 3061 ac
1266 2999 1382 3062 nostra

209 3103 354 3184 ,freood’‚
384 3103 491 3187 ,feiod'
514 3102 701 3186 participia·
716 3105 893 3171 verborum
919 3101 986 3168 iam
1008 3101 1135 3184 pridem
1159 3101 1381 3169 obsoletorum

210 3226 282 3275 esse
299 3209 488 3276 Classenius
505 3207 541 3294 (l.
554 3209 575 3274 l.
590 3209 641 3289 Π)
658 3209 795 3292 monuit,
813 3214 871 3276 aut
887 3209 981 3277 velut
1002 3227 1017 3277 o
1036 3223 1134 3296 ἅρχων,
1157 3227 1182 3278 ot
1201 3226 1380 3295 mamona,

209 3335 292 3397 quae
320 3321 480 3400 perpetuo
507 3336 568 3384 usn
597 3317 696 3399 plane
730 3316 943 3384 substantiva
975 3315 1066 3383 iacta
1100 3320 1193 3393 sunt,
1229 3314 1380 3397 quamvis

208 3425 313 3492 verba
332 3438 422 3512 ἄρχειν
441 3429 503 3491 eto.
528 3424 698 3508 vigerent,
730 3426 789 3492 sed
812 3422 1004 3508 participia,
1034 3442 1117 3505 quae
1141 3422 1283 3504 scriptor
1305 3441 1379 3490 con-

208 3531 296 3596 sulto
320 3531 604 3600 substantivorum
620 3532 690 3598 loco
714 3530 878 3599 adhibuit.
916 3529 1031 3611 Neque
1055 3530 1142 3596 enim
1158 3528 1292 3596 dubium
1317 3533 1379 3613 est,

209 3636 288 3718 quin
304 3637 516 3722 Thucydides
540 3638 726 3706 huiusmodi
749 3637 927 3721 participia
949 3636 1143 3718 frequenter
1159 3654 1322 3719 usurpans
1346 3635 1380 3702 id

209 3744 424 3829 spectaverit,
449 3749 487 3812 ut
502 3745 650 3813 homines
667 3749 702 3812 et
718 3763 773 3812 res
790 3743 897 3828 magis
914 3744 974 3811 sub
997 3745 1191 3828 adspectum
1214 3742 1378 3812 venirent.

208 3851 338 3934 Operae
365 3871 444 3920 vero
472 3852 613 3935 pretium
641 3873 706 3920 non
733 3852 892 3937 lacerem,
920 3851 949 3920 si
977 3851 1086 3918 omnia
1114 3851 1174 3918 illa
1201 3849 1380 3933 participia

207 3959 452 4043 aThucydide
480 3964 641 4041 usurpata
669 3978 905 4027 enumerarem.
956 3959 1028 4025 Hoc
1062 3963 1194 4025 tantum
1222 3956 1379 4040 attigisse

208 4064 363 4150 sufficiat,
388 4066 449 4133 illa
465 4070 500 4132 et
515 4066 664 4134 homines
681 4071 771 4134 certo
787 4067 928 4148 quodam
944 4070 1092 4148 tempore
1115 4067 1253 4147 agentes
1278 4060 1379 4148 (apud

206 4172 386 4239 Homerum
414 4172 515 4240 semel
543 4177 674 4241 tantum
698 4173 868 4240 Classenio
897 4177 1033 4239 auctore
1060 4169 1273 4255 participium
1301 4169 1379 4237 huic

206 4279 256 4346 rei
278 4277 435 4367 inservit)
460 4286 495 4347 et
518 4300 574 4348 eos
597 4281 794 4366 significare,
819 4280 875 4362 qui
899 4285 990 4347 certo
1008 4280 1147 4360 quodam
1171 4282 1318 4360 tempore
1341 4281 1379 4344 ut

207 4391 346 4470 agentes
362 4388 533 4472 finguntur
549 4385 658 4474 (velut
674 4407 688 4457 o
707 4383 895 4473 βουλόμενος).
930 4385 1037 4453 Huius
1053 4384 1185 4470 generis
1201 4384 1379 4468 participia

207 4513 307 4578 saepe
334 4495 369 4561 in
397 4494 603 4562 orationibus
631 4500 809 4562 occurrunt
838 4492 934 4559 etin
969 4493 1017 4560 eis
1045 4493 1133 4560 iuste
1161 4491 1378 4558 aestimandis
1472 4531 1477 4540 -
