3182 4888
735 1421 809 1497 §L

275 1587 425 1684 Primum
466 1615 571 1700 igitur
611 1614 726 1697 paucis
766 1634 941 1698 exponam,
982 1615 1060 1696 quid
1103 1617 1143 1682 de
1183 1616 1358 1699 participio

186 1723 340 1790 sentiam.
612 1808 613 1812 Ἰ

276 1836 305 1897 1.
330 1830 393 1914 Qui
416 1829 655 1898 adieetivorum
680 1849 752 1896 cum
776 1829 1028 1911 participiorum
1058 1848 1119 1895 usu
1144 1830 1252 1896 obiter
1274 1849 1359 1896 oom-

184 1943 296 2022 parat,
326 1938 427 2005 facile
455 1940 538 2005 haec
567 1936 760 2004 discrimina
791 1937 955 2004 interesse
985 1937 1168 2021 cognoscit:
1208 1937 1358 2022 primunr,

185 2047 270 2127 quod
300 2045 402 2111 certis
430 2045 624 2127 quibusdam
657 2043 739 2110 locis
768 2043 936 2111 adiectiva
964 2063 1029 2110 non
1062 2049 1264 2127 usurpantur
1293 2043 1359 2110 nisi

184 2153 298 2220 addito
322 2151 497 2234 participio
521 2151 618 2219 verbi
642 2167 722 2228 enac
751 2150 908 2234 alterum,
939 2152 1025 2232 quod
1055 2151 1233 2234 participia
1257 2151 1359 2218 multo

183 2259 322 2325 liberius
346 2259 552 2325 collocantur
574 2277 672 2340 quarn
696 2257 874 2325 adiectiva.

273 2365 307 2451 a)
332 2366 405 2432 Viri
429 2365 517 2432 docti
545 2367 646 2449 vulgo
675 2365 810 2448 docent,
841 2365 1008 2432 adiectum
1036 2365 1121 2432 illud
1148 2365 1358 2456 participium

184 2493 256 2539 esse
286 2474 447 2555 copulam.
501 2473 582 2538 Cum
614 2492 693 2540 vero
728 2473 864 2553 copulae
899 2473 1001 2539 verbo
1036 2473 1106 2538 fere
1141 2492 1199 2539 eae
1235 2472 1359 2538 formae

184 2581 279 2648 verbi
300 2597 364 2650 stem
381 2581 621 2665 significentur,
646 2594 730 2662 quae
746 2599 812 2646 una
829 2600 901 2647 cum
920 2581 1088 2648 adiectivo
1114 2580 1184 2661 (vel
1207 2581 1359 2646 substan-

183 2687 269 2772 tivo)
287 2689 426 2770 quodam
441 2687 670 2770 praedicatum
688 2687 856 2754 enuntiati
874 2687 1092 2771 constituunt,
1109 2707 1174 2753 non
1188 2706 1358 2771 cognosco,

183 2815 245 2877 quo
270 2795 342 2861 iure
366 2793 432 2885 riri
456 2794 545 2860 docti
566 2793 778 2877 participium
801 2793 897 2861 verbi
920 2810 984 2863 eta
1008 2790 1186 2861 adiectivis
1210 2793 1358 2860 additum

184 2903 334 2984 copulam
361 2901 545 2986 appellent,
583 2921 680 2982 quam
716 2901 818 2982 etiam
845 2901 1022 2982 unicuique
1056 2899 1231 2984 participio
1266 2920 1359 2982 prae-

184 3009 331 3076 dieative
357 3013 517 3090 usurpato
546 3009 656 3075 inesse
684 3028 801 3091 parurn
828 3012 921 3074 recte
950 3009 1099 3074 tradunt.
1147 3007 1233 3091 Quin
1258 3007 1360 3074 etiam

182 3116 331 3200 fuerunt,
365 3115 422 3197 qui
449 3115 619 3198 participii
647 3120 802 3182 naturam
830 3120 899 3181 tam
932 3115 1018 3181 male
1047 3115 1287 3197 perspicerent,
1321 3119 1360 3180 ut

186 3223 414 3306 Thucydidem
438 3241 670 3304 nonnunquam
694 3221 904 3306 participium
934 3243 991 3304 pro
1021 3223 1123 3289 verbo
1147 3221 1240 3287 finito
1265 3241 1359 3287 usur-

183 3329 316 3413 pavisse
340 3327 619 3416 contenderent.¹)
663 3331 747 3397 Nam
775 3329 943 3412 participii
971 3334 1093 3396 natura
1115 3348 1221 3410 paene
1245 3328 1359 3394 cadem

184 3442 237 3504 est
265 3442 365 3519 atque
389 3437 563 3522 adiectivi,
593 3457 700 3520 neque
728 3438 833 3521 igitur
863 3437 929 3503 nisi
958 3436 1074 3503 addita
1102 3437 1155 3504 vel
1178 3435 1359 3502 subaudita

185 3546 302 3626 copula
324 3544 511 3627 praedicati
538 3545 609 3611 uice
637 3545 797 3628 fungitur.
818 3539 821 3545 ’
846 3545 939 3628 Quae
968 3563 1040 3610 cum
1070 3543 1120 3610 ita
1148 3543 1229 3619 sint,
1259 3542 1359 3609 aliam

184 3671 317 3719 causam
331 3671 485 3736 propono,
503 3671 562 3718 cur
576 3651 789 3735 participium
802 3651 898 3719 verbi
916 3667 981 3720 stae
993 3649 1171 3719 adiectivis
1183 3649 1358 3716 adiciatur.

274 3756 494 3841 OlaSSOHiUS²)
519 3759 562 3826 ad
586 3760 646 3826 Od
666 3772 750 3828 λ144
769 3777 838 3840 εἰπέ,
864 3774 943 3839 ἅναξ,
969 3779 1025 3835 πῶς
1048 3776 1091 3827 κέν
1112 3794 1148 3839 με
1172 3775 1295 3844 ἀναγνοίη
1315 3775 1359 3826 τὸν

185 3882 263 3934 ἐόντα
292 3865 467 3932 disseruit:
505 3866 679 3944 ,aieltemdt
702 3868 821 3948 etnetpe
846 3865 952 3943 Stella,
977 3887 1024 3930 too
1047 3864 1225 3930 wirtetioher
1248 3863 1361 3929 orttteet

183 3973 242 4036 neit
275 3972 344 4036 dem
367 3974 507 4054 partictp
535 3973 728 4053 perdendam
761 3994 794 4037 es
825 3973 997 4038 beeetctcnet
1025 3973 1084 4036 dea
1117 3973 1272 4036 accusatio
1306 3971 1360 4035 des

183 4084 285 4143 satees
306 4080 340 4143 iu
352 4086 565 4162 praepotenter
580 4082 680 4165 wetse,
706 4081 736 4146 d.
758 4080 788 4144 t.
812 4081 870 4160 fiir
892 4080 961 4157 dea,
985 4080 1042 4144 der
1065 4078 1115 4143 teo
1130 4077 1273 4142 uerterat
1297 4078 1358 4155 bio,

183 4188 285 4251 werin
312 4185 408 4251 schoa
435 4188 493 4253 ctos
521 4193 647 4270 sperare
675 4207 705 4258 τὸ
729 4207 771 4271 ou,
802 4207 841 4265 ὡς
867 4205 951 4265 ὅντως
973 4186 1146 4268 orrdttaptf‘
1199 4187 1278 4251 Cum
1306 4183 1359 4251 his

275 4435 296 4504 ¹)
315 4434 380 4490 Vid.
400 4433 473 4486 infra
491 4433 570 4496 iva.

275 4523 428 4594 ULLH
