3182 4888
865 177 871 210 l

657 289 878 352 ..35-

717 477 813 564 §lh

268 589 345 656 Jam
372 587 525 654 idoneum
554 587 803 653 fundamentum
832 586 1012 654 struximus
1048 589 1090 655 ad
1118 587 1353 656 illustrandum

178 716 273 764 usum
297 695 512 778 complurium
534 693 784 777 participiorum
803 695 846 760 ad
862 693 949 760 idem
965 695 1103 762 verbum
1120 695 1354 778 spectantium.

180 803 323 887 Scripsit
357 807 469 870 autem
510 801 551 867 de
585 801 648 867 hac
683 820 719 866 re
761 799 887 882 primus
922 801 1018 868 Titus
1053 801 1211 884 Wilde¹)‚
1251 821 1356 884 nuper

179 906 371 987 Haehius2).
423 909 489 976 Sed
517 927 711 989 quamquam
739 907 789 972 illi
817 906 882 976 viri
911 907 1000 974 docti
1029 927 1155 976 summa
1187 927 1259 975 oum
1284 907 1356 974 dili-

179 1016 292 1101 gentia
327 1013 424 1084 uaria
459 1014 608 1097 exempla
646 1013 854 1097 collegerunt
888 1013 1065 1096 variasque
1103 1014 1355 1098 participiorum

179 1123 328 1190 rationes
351 1121 624 1204 illustraverunt,
652 1127 765 1188 tamen
788 1121 877 1188 haud
901 1121 985 1188 satis
1010 1121 1154 1188 dilucide
1177 1123 1286 1206 legem
1318 1127 1357 1188 nt

179 1229 230 1297 ita
254 1229 377 1312 dicam,
406 1227 607 1310 principales
634 1233 883 1309 proposuerunt.
931 1229 1023 1312 Quae
1051 1234 1090 1296 ut
1112 1228 1356 1312 perspiciantur

180 1335 288 1404 animo
312 1335 457 1402 tenenda
480 1338 558 1401 sunt
581 1335 677 1400 haec:

281 1444 315 1528 a)
338 1440 515 1524 participia
538 1439 645 1508 eidem
668 1442 769 1510 verbo
794 1440 928 1508 adiecta

338 1565 370 1632 ρ)
393 1548 449 1616 vel
462 1547 608 1632 eiusdem
620 1547 676 1615 vel
691 1547 816 1614 diversi
833 1547 966 1632 generis
982 1553 1069 1624 sunt,
1086 1553 1185 1631 prout
1197 1548 1354 1630 aequales

393 1655 448 1720 vel
471 1653 585 1722 varias
608 1653 703 1722 verbi
727 1653 936 1722 definitiones
961 1649 1143 1740 continent,

339 1777 370 1846 ρ)
393 1761 449 1828 vel
473 1760 619 1828 eiusdem
636 1761 691 1827 vel
706 1760 831 1828 diversi
847 1761 1013 1842 momenti,
1037 1766 1136 1844 prout
1151 1766 1211 1828 aut
1226 1760 1354 1844 pariter

393 1867 583 1936 necessaria
599 1871 678 1935 sunt
693 1869 736 1935 ad
752 1871 889 1936 verbum
910 1868 1155 1944 illustrandum,
1180 1874 1239 1936 aut
1255 1887 1354 1934 unum

392 1975 525 2058 propius
549 1976 752 2043 adverbum
776 1975 923 2057 pertinet
944 1995 1041 2057 quam
1065 1976 1217 2052 alterum,
1243 1975 1294 2042 ita
1316 1979 1355 2040 ut

393 2083 535 2149 alterurn
559 2082 659 2150 alteri
683 2082 729 2150 sit
752 2083 947 2150 subiectum.

279 2188 315 2275 b)
338 2189 516 2273 participia
539 2193 678 2258 verbum
701 2190 831 2256 finitum
855 2191 1119 2273 sequentialem
1142 2210 1195 2258 res
1218 2189 1354 2256 minoris

340 2297 497 2364 momenti
521 2299 693 2365 continent
715 2298 771 2365 vel
793 2318 898 2380 paene
922 2304 1115 2366 ornamento
1139 2303 1226 2365 sunt.

268 2404 345 2471 Jam
369 2424 449 2472 vero
473 2406 515 2472 ad
539 2405 688 2490 singulas
711 2426 766 2473 res
790 2411 1009 2502 transeamus.

269 2513 308 2576 Α.
333 2511 518 2594 Participia
542 2512 687 2580 eiusdem
711 2516 868 2580 momenti
892 2513 1178 2580 coniunctionibus
1205 2512 1295 2578 inter
1319 2532 1355 2579 se

180 2619 377 2700 copulantur
405 2619 522 2695 (etiam
551 2619 580 2686 si
602 2640 662 2702 pro
685 2620 860 2703 participio
890 2625 1079 2688 constructo
1108 2619 1277 2703 genitivus
1301 2621 1356 2686 ab·

180 2726 309 2794 solutus
333 2725 536 2812 adhibetur).

268 2833 341 2900 Duo
369 2834 548 2918 participia
577 2839 636 2902 aut
663 2836 828 2919 particula
850 2854 900 2916 και,
935 2841 994 2902 aut
1021 2835 1196 2918 particulis
1225 2852 1254 2903 τὲ
1269 2879 1298 2888 ψ
1314 2851 1356 2902 και

180 2937 326 3023 (omissis
350 2940 435 3024 aliie,
459 2943 555 3008 velut
578 2959 673 3024 αμα-
688 2959 751 3024 αμα,
769 2945 918 3024 μὲν-οι)
943 2943 1032 3010 inter
1053 2962 1088 3010 se
1106 2942 1302 3025 copulantur
1318 2959 1356 3005 eo

180 3047 385 3132 discrimine,
421 3054 460 3115 ut
493 3049 546 3116 his
581 3050 741 3118 adhibitis
777 3057 951 3132 utrumque
986 3049 1196 3132 participium
1228 3067 1287 3130 per
1321 3065 1356 3112 se

180 3158 350 3236 spectetur
379 3159 414 3221 et
441 3155 547 3239 magis
576 3163 756 3238 prematur.
807 3158 1006 3238 Plerumque
1040 3156 1145 3240 igitur
1172 3155 1356 3238 particulas

180 3279 306 3331 τὲ-και
334 3262 421 3344 apud
451 3281 490 3329 ea
517 3264 693 3346 participia
721 3264 923 3348 invenimus
959 3283 1043 3345 quae
1071 3262 1164 3330 nulla
1192 3261 1357 3330 affinitate

179 3368 269 3435 iuter
298 3388 334 3436 se
363 3368 477 3436 iuncta
505 3376 592 3438 sunt.
637 3370 724 3455 Quid
753 3371 895 3438 sentiam
923 3372 984 3436 hoo
1008 3370 1156 3453 exemplo
1179 3369 1356 3435 illustrabo

179 3489 296 3558 liidie
312 3494 326 3545 ὁ
346 3494 376 3545 δέ
395 3493 498 3554 τούτοις
516 3513 545 3546 τε
564 3495 681 3555 πεισθεὶς
698 3495 740 3546 καὶ
759 3495 791 3565 τῇ
810 3495 876 3565 τύχῃ
896 3495 1043 3554 ἐλπίσας..
1063 3493 1161 3563 ἐχώρει
1180 3494 1221 3545 ἐπὶ
1232 3488 1356 3561 Αἷγιτίοο.

180 3583 482 3650 Commemorantur
498 3585 684 3666 participiis
700 3585 797 3667 plane
810 3586 963 3652 diversae
980 3604 1101 3651 causae
1116 3583 1355 3666 proficiscendi,

181 3709 321 3772 quarum
344 3709 505 3757 unacum
530 3691 638 3758 altera
661 3691 795 3757 minime
819 3692 869 3759 ita
892 3693 1058 3769 cohaeret,
1082 3695 1121 3758 ut
1144 3690 1170 3754 I
1178 3694 1232 3775 4‚4
1257 3704 1358 3774 (Μίνως

181 3814 296 3884 οἰκιστὴς
309 3852 336 3868 ..
361 3816 468 3884 ἐγένετο
488 3812 581 3885 Κᾶρας
603 3815 733 3876 ἐξελάσας
751 3815 792 3868 καὶ
811 3817 873 3876 τοὺς
896 3819 994 3868 ἑαυτοῦ
1013 3816 1109 3874 παῖδας
1130 3814 1262 3884 ἡγεμόνας
1281 3816 1356 3883 ἐγκα-

179 3921 332 3992 ταπὴσας),
357 3905 413 3972 uhi
437 3907 581 3972 alterum
598 3907 705 3973 altero
721 3906 925 3990 praeparari,
950 3907 1161 3987 velut18‚3
1185 3920 1280 3991 (nolon
1304 3920 1356 3990 γὰρ

179 4031 416 4100 καθαιρομένης..
440 4031 482 4082 καὶ
506 4035 558 4084 τῶν
581 4033 670 4100 alpaide
694 4031 913 4100 ἀναιρεθεισῶν),
943 4013 1000 4080 ubl
1029 4031 1200 4099 ἀναιρεθῆναι
1227 4016 1357 4094 partem

180 4140 229 4190 τοῦ
256 4137 434 4207 καθαίρεσθαι
457 4141 546 4206 6856,
575 4123 632 4190 Vel
654 4127 692 4188 ui
715 4135 848 4203 110215
875 4135 1055 4207 (ἈθηναῖοιΗ
1080 4136 1164 4188 δεινὰν
1187 4134 1357 4204 ποιησάμενοι
1380 4139 1383 4146 “

271 4365 294 4437 ¹)
313 4365 357 4422 De
375 4367 541 4424 coacervatis
559 4366 710 4437 participiis
728 4366 799 4436 apud
813 4365 933 4434 Thucyd.
963 4366 1037 4421 Diss.
1050 4365 1140 4435 inaug.
1154 4363 1265 4420 Gorhtii
1279 4366 1356 4424 1862.

273 4459 294 4528 ¹¹)
312 4456 331 4511 l.
349 4457 368 4512 1.
387 4457 439 4514 VI.

1145 4561 1179 4622 3*
