3182 4888
716 290 934 354 ..45„.

241 499 364 568 Wldll
392 501 523 567 μενόντων
547 502 620 570 ἡμῶν
645 499 781 569 ξύμμαχον
803 497 933 569 γίγνεται,
959 499 1147 569 ὑποχωρήσασι
1169 499 1199 552 δὲ
1216 537 1223 551 .
1239 537 1268 552 ..
1297 497 1410 570 εὔπορον

238 607 319 662 ἕαται.
362 593 559 674 Popponem,
585 590 640 671 qni
664 595 780 656 censet
802 588 949 655 dativum
965 589 1181 673 neglegentia
1197 589 1408 657 librariorum

237 698 271 764 in
295 704 423 764 textum
447 687 615 780 receptum
639 715 726 780 esse,
755 689 881 780 fugisse
909 696 1044 764 videtur
1067 695 1254 765 biblorum.
1291 711 1412 780 ruod!

237 826 293 882 τοῖς
309 819 461 891 Ἀθηναίοις
483 821 543 874 τότε
567 821 612 889 τὴν
638 819 855 890 παραθαλάσσιον
881 821 973 890 δηούσι
986 859 1013 872 ..
1038 820 1071 874 τὰ
1092 821 1141 884 μὲν
1165 819 1246 872 πολλὰ
1265 821 1410 892 ἡσύχασαν.

237 912 431 980 Invenimus
454 917 593 993 utroque
618 911 688 977 loco
713 910 862 978 dativum
879 911 1033 988 ethicum,
1060 931 1152 992 quem
1170 917 1302 980 vocant.
1342 911 1409 978 Gir.

238 1037 322 1100 quae
346 1018 535 1086 Classenius
560 1017 718 1085 disseruit
740 1017 775 1083 in
799 1017 980 1101 appendice
1004 1018 1046 1084 ad
1071 1019 1096 1082 I
1099 1019 1245 1096 V10,11.

401 1142 448 1212 η)
473 1124 701 1194 accusativum
723 1145 782 1207 pro

327 1250 377 1320 αα)
405 1232 619 1300 nominativo·
643 1244 760 1314 1V84‚⁵
781 1249 896 1312 ὅμως..
924 1249 1031 1302 neruoso
1055 1250 1085 1300 τι)
1110 1247 1250 1318 πλῆθος..
1279 1248 1416 1309 δέξασθαί

238 1377 267 1410 τε
286 1358 366 1411 αὐτὸν
381 1358 462 1422 μόνον
480 1356 522 1409 καὶ
541 1355 704 1415 ἀκούσαντας
721 1354 932 1422 βουλεύσασθαι,
955 1357 1061 1425 δέχεται
1079 1374 1101 1408 ιι.
1120 1375 1141 1408 τ.
1160 1358 1196 1422 ἑ.,·
1223 1355 1271 1425 csr.
1289 1353 1377 1422 1121
1395 1357 1411 1426 ἡ

234 1461 289 1516 Ἑλλ
303 1484 325 1526 ,ς
334 1465 526 1530 μετανίστατο.
540 1501 547 1514 .
567 1462 637 1514 ὥστε
648 1463 685 1532 μὴ
698 1463 870 1533 ἡσυχάσασαν
883 1462 1038 1532 αὐξηθῆναι,
1058 1450 1093 1512 θλ
1116 1463 1158 1516 VI
1161 1461 1186 1529 l,
1192 1459 1232 1516 12.
1258 1461 1313 1518 VII
1317 1459 1410 1528 3424.

328 1555 411 1622 Jure
440 1553 521 1620 mibi
550 1552 681 1634 quidem
710 1552 899 1619 Classenius
927 1559 962 1618 et
990 1553 1178 1619 Lobeckins
1206 1553 1263 1633 (ad
1285 1555 1411 1638 Phryn.

238 1682 270 1746 p.
289 1665 354 1728 750
370 1657 456 1745 not.)
473 1659 631 1728 videntur
647 1660 856 1744 contendere,
882 1659 1108 1727 accusativum
1128 1660 1207 1726 locis
1231 1660 1412 1742 adscriptis

236 1767 449 1836 retinendum
477 1786 564 1850 esse,
602 1785 674 1832 cum
702 1765 858 1834 similiter
892 1786 932 1833 ac
966 1766 1124 1850 genitivis
1160 1767 1320 1834 absolutis
1352 1787 1411 1850 pro

239 1874 415 1958 participio
446 1878 635 1940 constructo
670 1872 839 1954 usurpatis
875 1873 976 1941 etiam
1011 1873 1203 1942 accusativo
1239 1874 1411 1950 efficiatur,

240 1987 278 2049 ut
300 1981 511 2065 participium
534 1979 641 2064 magis
665 1985 783 2062 suapte
806 1979 842 2048 vi
866 1985 942 2046 stet.

328 2091 400 2156 HOC
416 2108 494 2156 Vero
510 2088 580 2154 1000
597 2104 630 2156 ΙΙ
637 2101 696 2170 74,3
715 2103 943 2170 ἐβουλεύσαντο..
963 2105 1106 2176 ἀνέχεσθαι
1124 2105 1166 2158 καὶ
1184 2111 1233 2175 γῆν
1246 2107 1412 2175 τεμνομένην,

240 2216 264 2267 ελ
277 2217 326 2278 δεῖ,
346 2214 465 2283 ὁρῶντας
482 2212 525 2264 καὶ
544 2210 607 2264 ἄλλο
626 2213 776 2283 πάσχοντας
793 2231 816 2264 ιι.
830 2231 852 2264 τ.
866 2214 888 2264 ἑ.
908 2241 942 2249 -
964 2195 1148 2264 accusativi
1164 2195 1307 2264 adhibiti
1324 2199 1412 2280 sunt,

242 2304 334 2386 quasi
357 2308 437 2385 apta
461 2309 549 2369 esset
573 2302 742 2370 sententia
765 2321 805 2368 ox
828 2301 1025 2386 interposito
1049 2321 1098 2374 υεῐ.

328 2428 377 2495 sifi)
408 2409 556 2495 genitivo
585 2411 736 2476 absoluto
764 2426 783 2479 I
787 2423 874 2496 ζΙ4θ,8
901 2427 963 2488 τούς
981 2428 1204 2492 ἁναπεινλομένους
1223 2428 1294 2493 ὑμῶν
1313 2428 1413 2492 δικαιῶ,

242 2539 297 2595 τοῖς
308 2537 381 2605 κοινῇ
394 2535 500 2594 δόξασιν
512 2573 518 2585 .
530 2574 536 2588 .
549 2535 669 2604 βοηθεῖν,
682 2536 698 2604 ἢ
709 2535 778 2604 μηδὲ
790 2536 989 2604 κατορθοῦντας
1001 2540 1048 2604 τῆς
1060 2534 1192 2594 ξυνέσεως
1201 2536 1413 2599 μεταποιεῖσθαι.

242 2626 322 2692 Onm
351 2625 411 2692 sub
438 2625 545 2707 prima
573 2625 742 2691 sententia
769 2625 924 2691 videatur
952 2625 1059 2692 latere
1095 2625 1191 2692 haec:
1228 2642 1318 2694 οααο
1346 2642 1415 2706 ὑμᾶς

242 2751 341 2808 πάντας
359 2749 560 2813 ἀνατείνεσθαι,
584 2731 796 2800 accusativus
819 2731 927 2800 minus
951 2731 1096 2799 offendit.

331 2855 379 2925 ηρ)
407 2839 520 2906 daiiVO
548 2853 638 2920 153‚1
666 2855 758 2917 ἔδοξεν
786 2857 877 2916 αὐτοῖς
904 2853 1003 2926 ἄνδρας
1029 2858 1058 2917 ἐς
1080 2855 1197 2926 κελήτιον
1221 2855 1416 2922 ἐςβιβάσαντας

242 2964 410 3032 poseium
438 2962 485 3029 cfr.
506 2959 603 3026 rara.
632 2959 700 3028 rra.
730 2958 868 3026 iurare.
901 2962 924 3014 v
933 2959 1002 3027 ma.
1033 2959 1150 3027 vrum.
1196 2943 1326 3026 Ubique
1354 2963 1413 3026 pro

243 3067 335 3128 ἕοαξεν
364 3069 455 3127 αυτοῖς
487 3052 591 3120 solum
624 3068 717 3128 ἔταξεν
750 3052 905 3133 scriptori
944 3055 1193 3120 obversabatur.
1251 3050 1414 3118 Similiter

242 3171 342 3240 JV2,9
367 3174 438 3227 εἶπον
462 3177 492 3228 δὲ
511 3176 614 3235 τούτοις
636 3176 677 3227 καὶ
696 3173 865 3245 Κερκυραίων
887 3175 942 3240 ἅμα
961 3175 1199 3246 παραπλέοντας..
1227 3171 1413 3244 ἐπιμεληθῆναι

243 3271 278 3332 ei
297 3279 381 3349 128‚3
399 3285 414 3334 ὁ
434 3283 464 3334 ιλὲ
483 3287 591 3352 προεῖπε
610 3285 666 3342 τοῖς
681 3283 744 3347 μεθ’
757 3283 840 3335 αὑτοῦ
853 3284 1027 3352 τριακοσίοις.
1039 3321 1045 3335 .
1057 3283 1232 3354 χωρήσαντας
1244 3285 1366 3351 πειρᾶσαι
1380 3309 1413 3321 -

244 3372 428 3440 accusativi
468 3373 698 3448 inveniuntur,
740 3372 834 3454 quasi
874 3373 1090 3455 praecederet
1128 3373 1233 3440 solum
1273 3388 1344 3442 εϊααν
1379 3375 1414 3438 et

246 3501 369 3566 aporiare,¹
388 3497 436 3566 cfr.
456 3497 489 3549 II
498 3493 564 3559 7,13.

333 3587 380 3654 At
402 3600 523 3669 1111,29
550 3607 612 3656 πᾶσι
639 3604 691 3673 γὰρ
710 3600 738 3656 ἐν
758 3608 813 3664 τοῖς
836 3604 933 3669 ύμμασι
952 3604 994 3657 καὶ
1013 3601 1041 3657 ἐν
1060 3605 1097 3674 τῷ
1116 3604 1262 3674 παραυτίκα
1282 3604 1348 3672 ὁρᾶν
1367 3601 1413 3654 πά-

244 3712 357 3781 σχοντας
376 3730 398 3763 α
417 3709 503 3781 opaea
521 3713 588 3781 υρνὴ
608 3714 757 3781 apostema
776 3715 817 3762 ne
841 3696 1008 3765 minimam
1025 3697 1155 3778 quidem
1180 3715 1313 3764 causam
1337 3714 1414 3760 ana·

245 3802 412 3868 coluthiae
435 3801 595 3886 indagare
618 3822 758 3884 possum.
798 3805 917 3884 Itaque
933 3803 1083 3871 Boehmii
1104 3802 1415 3885 interpretationem

245 3910 348 3975 solam
372 3915 497 3976 rectam
523 3927 596 3975 csso
620 3909 765 3976 arbitror
793 3911 896 3995 ,ιλοιοι
916 3911 977 3976 ulle
1000 3910 1111 3991 bcfc'r'llt
1132 3931 1224 3988 roro,
1248 3931 1303 3974 νον
1325 3909 1416 3974 ihren

245 4037 346 4097 ουρωι
367 4017 433 4080 und
454 4018 511 4097 aul
532 4017 669 4096 friscber
692 4017 759 4082 ruat
779 4039 821 4082 ru
842 4017 947 4098 selaeu,
972 4019 1030 4082 wic
1051 4019 1097 4082 sie
1119 4017 1338 4100 unpewobules
1361 4015 1415 4080 zer·-

245 4124 335 4187 deu“.
381 4123 465 4189 Nam
492 4123 603 4205 potius
630 4117 808 4206 pronomen
832 4145 904 4210 σφας
927 4123 1202 4210 subaudiendum,
1228 4143 1323 4206 quam
1346 4127 1414 4190 tam

246 4229 363 4297 miram
388 4230 633 4297 anacolutbiam
657 4233 900 4316 agnoscendam
925 4249 997 4300 esse
1019 4235 1108 4314 puto.
