<?xml version="1.0" encoding="UTF-8"?>
<!DOCTYPE html PUBLIC "-//W3C//DTD XHTML 1.0 Transitional//EN"
    "http://www.w3.org/TR/xhtml1/DTD/xhtml1-transitional.dtd">
<html xmlns="http://www.w3.org/1999/xhtml" xml:lang="en" lang="en">
 <head>
  <title>
</title>
<meta http-equiv="Content-Type" content="text/html;charset=utf-8" />
  <meta name='ocr-system' content='tesseract 3.04.00' />
  <meta name='ocr-capabilities' content='ocr_page ocr_carea ocr_par ocr_line ocrx_word'/>
</head>
<body>
  <div class='ocr_page' id='page_1' title='image "./quaestionesadpa00nggoog_0022.png"; bbox 0 0 3182 4888; ppageno 0'>
   <div class='ocr_carea' id='block_1_1' title="bbox 662 269 880 331">
    <p class='ocr_par' dir='ltr' id='par_1_1' title="bbox 662 269 880 331">
     <span class='ocr_line' id='line_1_1' title="bbox 662 269 880 331; baseline -0.005 -21"><span class='ocrx_word' id='word_1_1' title='bbox 662 269 880 331; x_wconf 35' lang='lat'>*17*</span> 
     </span>
    </p>
   </div>
   <div class='ocr_carea' id='block_1_2' title="bbox 184 459 1362 1616">
    <p class='ocr_par' dir='ltr' id='par_1_2' title="bbox 184 459 1360 973">
     <span class='ocr_line' id='line_1_2' title="bbox 184 459 1358 548; baseline -0.005 -16"><span class='ocrx_word' id='word_1_2' title='bbox 184 464 240 548; x_wconf 91' lang='lat' dir='ltr'>qui</span> <span class='ocrx_word' id='word_1_3' title='bbox 275 462 376 532; x_wconf 85' lang='lat' dir='ltr'>etiam</span> <span class='ocrx_word' id='word_1_4' title='bbox 410 460 587 530; x_wconf 89' lang='lat' dir='ltr'>infinitivis</span> <span class='ocrx_word' id='word_1_5' title='bbox 626 460 767 527; x_wconf 89' lang='lat' dir='ltr'>articulo</span> <span class='ocrx_word' id='word_1_6' title='bbox 807 459 983 527; x_wconf 89' lang='lat' dir='ltr'>instructis</span> <span class='ocrx_word' id='word_1_7' title='bbox 1021 459 1131 543; x_wconf 94' lang='lat' dir='ltr'>potuit</span> <span class='ocrx_word' id='word_1_8' title='bbox 1165 460 1358 545; x_wconf 84' lang='lat' dir='ltr'>significari,</span> 
     </span>
     <span class='ocr_line' id='line_1_3' title="bbox 185 567 1359 652; baseline -0.005 -12"><span class='ocrx_word' id='word_1_9' title='bbox 185 571 328 640; x_wconf 89' lang='lat' dir='ltr'>articulo</span> <span class='ocrx_word' id='word_1_10' title='bbox 352 588 391 652; x_wconf 70' lang='grc' dir='ltr'>το,</span> <span class='ocrx_word' id='word_1_11' title='bbox 418 569 473 651; x_wconf 87' lang='lat' dir='ltr'>qui</span> <span class='ocrx_word' id='word_1_12' title='bbox 496 567 583 652; x_wconf 91' lang='lat' dir='ltr'>apud</span> <span class='ocrx_word' id='word_1_13' title='bbox 605 567 783 652; x_wconf 83' lang='lat' dir='ltr'>participia</span> <span class='ocrx_word' id='word_1_14' title='bbox 806 567 904 633; x_wconf 90' lang='lat' dir='ltr'>simul</span> <span class='ocrx_word' id='word_1_15' title='bbox 926 567 1071 634; x_wconf 89' lang='lat' dir='ltr'>notionis</span> <span class='ocrx_word' id='word_1_16' title='bbox 1094 567 1264 635; x_wconf 86' lang='lat' dir='ltr'>cuiusdam</span> <span class='ocrx_word' id='word_1_17' title='bbox 1288 569 1359 634; x_wconf 87' lang='lat' dir='ltr'>loeo</span> 
     </span>
     <span class='ocr_line' id='line_1_4' title="bbox 186 675 1359 764; baseline -0.005 -18"><span class='ocrx_word' id='word_1_18' title='bbox 186 684 253 764; x_wconf 84' lang='lat' dir='ltr'>est,</span> <span class='ocrx_word' id='word_1_19' title='bbox 289 683 327 746; x_wconf 89' lang='lat' dir='ltr'>ut</span> <span class='ocrx_word' id='word_1_20' title='bbox 355 682 481 744; x_wconf 88' lang='lat' dir='ltr'>certum</span> <span class='ocrx_word' id='word_1_21' title='bbox 512 680 546 742; x_wconf 91' lang='lat' dir='ltr'>et</span> <span class='ocrx_word' id='word_1_22' title='bbox 575 677 635 742; x_wconf 92' lang='lat' dir='ltr'>sub</span> <span class='ocrx_word' id='word_1_23' title='bbox 664 676 858 757; x_wconf 77' lang='lat' dir='ltr'>adspectum</span> <span class='ocrx_word' id='word_1_24' title='bbox 886 675 1075 742; x_wconf 90' lang='lat' dir='ltr'>venientem</span> <span class='ocrx_word' id='word_1_25' title='bbox 1103 675 1282 742; x_wconf 85' lang='lat' dir='ltr'>lectoribus</span> <span class='ocrx_word' id='word_1_26' title='bbox 1310 675 1359 741; x_wconf 91' lang='lat' dir='ltr'>in-</span> 
     </span>
     <span class='ocr_line' id='line_1_5' title="bbox 186 781 1360 864; baseline -0.003 -12"><span class='ocrx_word' id='word_1_27' title='bbox 186 785 300 852; x_wconf 89' lang='lat' dir='ltr'>dicari.</span> <span class='ocrx_word' id='word_1_28' title='bbox 359 783 476 864; x_wconf 80' lang='lat' dir='ltr'>Neque</span> <span class='ocrx_word' id='word_1_29' title='bbox 509 781 609 849; x_wconf 89' lang='lat' dir='ltr'>aliam</span> <span class='ocrx_word' id='word_1_30' title='bbox 645 781 833 864; x_wconf 82' lang='lat' dir='ltr'>explicandi</span> <span class='ocrx_word' id='word_1_31' title='bbox 867 782 1028 850; x_wconf 90' lang='lat' dir='ltr'>rationem</span> <span class='ocrx_word' id='word_1_32' title='bbox 1066 783 1148 849; x_wconf 91' lang='lat' dir='ltr'>haec</span> <span class='ocrx_word' id='word_1_33' title='bbox 1182 781 1360 864; x_wconf 90' lang='lat' dir='ltr'>participia</span> 
     </span>
     <span class='ocr_line' id='line_1_6' title="bbox 185 887 820 973; baseline -0.011 -14"><span class='ocrx_word' id='word_1_34' title='bbox 185 891 267 960; x_wconf 91' lang='lat' dir='ltr'>mihi</span> <span class='ocrx_word' id='word_1_35' title='bbox 289 890 422 973; x_wconf 89' lang='lat' dir='ltr'>quidem</span> <span class='ocrx_word' id='word_1_36' title='bbox 445 888 603 956; x_wconf 89' lang='lat' dir='ltr'>videntur</span> <span class='ocrx_word' id='word_1_37' title='bbox 626 887 820 955; x_wconf 83' lang='lat' dir='ltr'>admittere:</span> 
     </span>
    </p>

    <p class='ocr_par' dir='ltr' id='par_1_3' title="bbox 268 999 915 1074">
     <span class='ocr_line' id='line_1_7' title="bbox 268 999 915 1074; baseline -0.005 -16"><span class='ocrx_word' id='word_1_38' title='bbox 268 1046 271 1052; x_wconf 87' lang='grc'>.</span> <span class='ocrx_word' id='word_1_39' title='bbox 349 1004 381 1074; x_wconf 87' lang='grc'>1)</span> <span class='ocrx_word' id='word_1_40' title='bbox 397 999 490 1070; x_wconf 81' lang='lat' dir='ltr'><strong><em>I90‚9</em></strong></span> <span class='ocrx_word' id='word_1_41' title='bbox 509 1005 538 1056; x_wconf 81' lang='grc' dir='ltr'>τὸ</span> <span class='ocrx_word' id='word_1_42' title='bbox 556 1002 718 1070; x_wconf 81' lang='grc' dir='ltr'><em>βουλόμενον</em></span> <span class='ocrx_word' id='word_1_43' title='bbox 737 1009 785 1072; x_wconf 77' lang='grc' dir='ltr'>τῆς</span> <span class='ocrx_word' id='word_1_44' title='bbox 802 1003 915 1074; x_wconf 74' lang='grc' dir='ltr'><em>γνώμης.</em></span> 
     </span>
    </p>

    <p class='ocr_par' dir='ltr' id='par_1_4' title="bbox 186 1101 1362 1616">
     <span class='ocr_line' id='line_1_8' title="bbox 275 1101 1360 1188; baseline 0.001 -17"><span class='ocrx_word' id='word_1_45' title='bbox 275 1105 468 1188; x_wconf 84' lang='lat' dir='ltr'>Kruegerus</span> <span class='ocrx_word' id='word_1_46' title='bbox 503 1102 545 1168; x_wconf 90' lang='lat' dir='ltr'>ad</span> <span class='ocrx_word' id='word_1_47' title='bbox 572 1102 711 1185; x_wconf 88' lang='lat' dir='ltr'><strong>Dionys.</strong></span> <span class='ocrx_word' id='word_1_48' title='bbox 741 1101 887 1168; x_wconf 86' lang='lat' dir='ltr'>Historr.</span> <span class='ocrx_word' id='word_1_49' title='bbox 923 1122 953 1184; x_wconf 91' lang='lat' dir='ltr'>p.</span> <span class='ocrx_word' id='word_1_50' title='bbox 985 1107 1047 1167; x_wconf 78' lang='lat'>231</span> <span class='ocrx_word' id='word_1_51' title='bbox 1082 1102 1271 1174; x_wconf 84' lang='lat' dir='ltr'>adnotavit:</span> <span class='ocrx_word' id='word_1_52' title='bbox 1312 1123 1360 1185; x_wconf 63' lang='lat' dir='ltr'>„eo</span> 
     </span>
     <span class='ocr_line' id='line_1_9' title="bbox 186 1209 1361 1298; baseline -0.008 -15"><span class='ocrx_word' id='word_1_53' title='bbox 186 1229 348 1298; x_wconf 73' lang='grc' dir='ltr'><em>βουλόμενον</em></span> <span class='ocrx_word' id='word_1_54' title='bbox 376 1211 491 1292; x_wconf 79' lang='lat' dir='ltr'>lepllur</span> <span class='ocrx_word' id='word_1_55' title='bbox 518 1210 544 1274; x_wconf 87' lang='lat' dir='ltr'><strong><em>I</em></strong></span> <span class='ocrx_word' id='word_1_56' title='bbox 552 1215 603 1276; x_wconf 89' lang='lat'>90.</span> <span class='ocrx_word' id='word_1_57' title='bbox 638 1209 714 1275; x_wconf 84' lang='lat' dir='ltr'>VII</span> <span class='ocrx_word' id='word_1_58' title='bbox 722 1214 775 1274; x_wconf 79' lang='lat'>49.</span> <span class='ocrx_word' id='word_1_59' title='bbox 812 1209 858 1274; x_wconf 82' lang='lat' dir='ltr'>Et</span> <span class='ocrx_word' id='word_1_60' title='bbox 885 1209 942 1275; x_wconf 84' lang='lat' dir='ltr'>loc</span> <span class='ocrx_word' id='word_1_61' title='bbox 969 1211 1089 1274; x_wconf 78' lang='lat' dir='ltr'>rollone</span> <span class='ocrx_word' id='word_1_62' title='bbox 1117 1213 1227 1292; x_wconf 78' lang='lat' dir='ltr'>optimi</span> <span class='ocrx_word' id='word_1_63' title='bbox 1249 1214 1361 1293; x_wconf 78' lang='lat' dir='ltr'>quique</span> 
     </span>
     <span class='ocr_line' id='line_1_10' title="bbox 187 1315 1360 1400; baseline -0.002 -16"><span class='ocrx_word' id='word_1_64' title='bbox 187 1321 357 1400; x_wconf 73' lang='lat' dir='ltr'>scriptores</span> <span class='ocrx_word' id='word_1_65' title='bbox 372 1317 545 1398; x_wconf 66' lang='lat' dir='ltr'>participle</span> <span class='ocrx_word' id='word_1_66' title='bbox 559 1321 700 1392; x_wconf 81' lang='lat' dir='ltr'>utuntur,</span> <span class='ocrx_word' id='word_1_67' title='bbox 725 1336 835 1398; x_wconf 81' lang='lat' dir='ltr'>eosque</span> <span class='ocrx_word' id='word_1_68' title='bbox 850 1318 991 1398; x_wconf 76' lang='lat' dir='ltr'>sequitur</span> <span class='ocrx_word' id='word_1_69' title='bbox 1007 1315 1213 1399; x_wconf 76' lang='lat' dir='ltr'>Dionysius“.</span> <span class='ocrx_word' id='word_1_70' title='bbox 1253 1319 1360 1384; x_wconf 90' lang='lat' dir='ltr'>Multo</span> 
     </span>
     <span class='ocr_line' id='line_1_11' title="bbox 187 1423 1362 1508; baseline -0.003 -14"><span class='ocrx_word' id='word_1_71' title='bbox 187 1425 322 1494; x_wconf 89' lang='lat' dir='ltr'>maioris</span> <span class='ocrx_word' id='word_1_72' title='bbox 356 1423 515 1491; x_wconf 85' lang='lat' dir='ltr'>momenti</span> <span class='ocrx_word' id='word_1_73' title='bbox 543 1428 609 1508; x_wconf 87' lang='lat' dir='ltr'>est,</span> <span class='ocrx_word' id='word_1_74' title='bbox 646 1424 731 1504; x_wconf 91' lang='lat' dir='ltr'>qnod</span> <span class='ocrx_word' id='word_1_75' title='bbox 764 1423 865 1490; x_wconf 89' lang='lat' dir='ltr'>etiam</span> <span class='ocrx_word' id='word_1_76' title='bbox 894 1424 981 1506; x_wconf 88' lang='lat' dir='ltr'>apud</span> <span class='ocrx_word' id='word_1_77' title='bbox 1009 1423 1249 1506; x_wconf 83' lang='lat' dir='ltr'>Antiphontem</span> <span class='ocrx_word' id='word_1_78' title='bbox 1278 1425 1362 1492; x_wconf 91' lang='lat' dir='ltr'>illud</span> 
     </span>
     <span class='ocr_line' id='line_1_12' title="bbox 186 1529 1361 1616; baseline -0.002 -16"><span class='ocrx_word' id='word_1_79' title='bbox 186 1530 396 1616; x_wconf 84' lang='lat' dir='ltr'>participium</span> <span class='ocrx_word' id='word_1_80' title='bbox 424 1530 607 1612; x_wconf 81' lang='lat' dir='ltr'>invenitur3</span> <span class='ocrx_word' id='word_1_81' title='bbox 637 1550 713 1598; x_wconf 92' lang='lat' dir='ltr'>nam</span> <span class='ocrx_word' id='word_1_82' title='bbox 743 1529 820 1596; x_wconf 87' lang='lat' dir='ltr'>inde</span> <span class='ocrx_word' id='word_1_83' title='bbox 849 1531 1012 1613; x_wconf 86' lang='lat' dir='ltr'>seqnitur,</span> <span class='ocrx_word' id='word_1_84' title='bbox 1042 1532 1273 1614; x_wconf 79' lang='lat' dir='ltr'>Thucydidem·</span> <span class='ocrx_word' id='word_1_85' title='bbox 1297 1553 1361 1598; x_wconf 93' lang='lat' dir='ltr'>non</span> 
     </span>
    </p>
   </div>
   <div class='ocr_carea' id='block_1_3' title="bbox 187 1637 1088 1824">
    <p class='ocr_par' dir='ltr' id='par_1_5' title="bbox 187 1637 1088 1824">
     <span class='ocr_line' id='line_1_13' title="bbox 187 1637 1088 1723; baseline -0.003 -16"><span class='ocrx_word' id='word_1_86' title='bbox 187 1659 323 1723; x_wconf 90' lang='lat' dir='ltr'>prorsus</span> <span class='ocrx_word' id='word_1_87' title='bbox 346 1638 531 1706; x_wconf 90' lang='lat' dir='ltr'>inauditam</span> <span class='ocrx_word' id='word_1_88' title='bbox 554 1637 709 1717; x_wconf 90' lang='lat' dir='ltr'>loquendi</span> <span class='ocrx_word' id='word_1_89' title='bbox 732 1637 895 1704; x_wconf 89' lang='lat' dir='ltr'>rationem</span> <span class='ocrx_word' id='word_1_90' title='bbox 918 1641 1088 1722; x_wconf 88' lang='lat' dir='ltr'>praebere.</span> 
     </span>
     <span class='ocr_line' id='line_1_14' title="bbox 351 1749 960 1824; baseline 0 -18"><span class='ocrx_word' id='word_1_91' title='bbox 351 1751 382 1821; x_wconf 82' lang='grc'>2)</span> <span class='ocrx_word' id='word_1_92' title='bbox 401 1753 436 1804; x_wconf 90' lang='grc' dir='ltr'>ΙΙ</span> <span class='ocrx_word' id='word_1_93' title='bbox 439 1749 525 1818; x_wconf 75' lang='grc'><em>69,12</em></span> <span class='ocrx_word' id='word_1_94' title='bbox 542 1753 572 1805; x_wconf 84' lang='grc' dir='ltr'>τὸ</span> <span class='ocrx_word' id='word_1_95' title='bbox 592 1752 763 1821; x_wconf 73' lang='grc' dir='ltr'><em>ὀργιζόμενον</em></span> <span class='ocrx_word' id='word_1_96' title='bbox 782 1759 829 1821; x_wconf 80' lang='grc' dir='ltr'>τῆς</span> <span class='ocrx_word' id='word_1_97' title='bbox 847 1755 960 1824; x_wconf 66' lang='grc' dir='ltr'><em>γνώμης.</em></span> 
     </span>
    </p>
   </div>
   <div class='ocr_carea' id='block_1_4' title="bbox 276 1856 1362 2476">
    <p class='ocr_par' dir='ltr' id='par_1_6' title="bbox 276 1856 1362 2476">
     <span class='ocr_line' id='line_1_15' title="bbox 348 1856 964 1936; baseline 0 -23"><span class='ocrx_word' id='word_1_98' title='bbox 348 1858 382 1927; x_wconf 84' lang='grc'>3)</span> <span class='ocrx_word' id='word_1_99' title='bbox 406 1856 531 1926; x_wconf 67' lang='lat' dir='ltr'>viletta</span> <span class='ocrx_word' id='word_1_100' title='bbox 549 1861 579 1912; x_wconf 83' lang='grc' dir='ltr'>τὸ</span> <span class='ocrx_word' id='word_1_101' title='bbox 599 1859 766 1936; x_wconf 73' lang='grc' dir='ltr'><em>θυμούμενον</em></span> <span class='ocrx_word' id='word_1_102' title='bbox 785 1866 832 1930; x_wconf 76' lang='grc' dir='ltr'>τῆς</span> <span class='ocrx_word' id='word_1_103' title='bbox 850 1862 964 1932; x_wconf 77' lang='grc' dir='ltr'><em>γνώμης.</em></span> 
     </span>
     <span class='ocr_line' id='line_1_16' title="bbox 351 1964 1005 2037; baseline -0.002 -17"><span class='ocrx_word' id='word_1_104' title='bbox 351 1965 380 2037; x_wconf 76' lang='grc'>4)</span> <span class='ocrx_word' id='word_1_105' title='bbox 404 1964 514 2032; x_wconf 50' lang='grc'><em>71244</em></span> <span class='ocrx_word' id='word_1_106' title='bbox 532 1968 562 2020; x_wconf 81' lang='grc' dir='ltr'>τὸ</span> <span class='ocrx_word' id='word_1_107' title='bbox 581 1968 725 2031; x_wconf 68' lang='grc' dir='ltr'><em>ἐπιθυμοῦν</em></span> <span class='ocrx_word' id='word_1_108' title='bbox 743 1965 805 2034; x_wconf 82' lang='grc' dir='ltr'><em>(τοῦ</em></span> <span class='ocrx_word' id='word_1_109' title='bbox 824 1967 910 2036; x_wconf 77' lang='grc' dir='ltr'><em>πλοῦ).</em></span> <span class='ocrx_word' id='word_1_110' title='bbox 1003 1985 1005 1990; x_wconf 95' lang='grc'><strong><em>·</em></strong></span> 
     </span>
     <span class='ocr_line' id='line_1_17' title="bbox 351 2069 787 2144; baseline 0 -18"><span class='ocrx_word' id='word_1_111' title='bbox 351 2072 385 2142; x_wconf 78' lang='lat'>5)</span> <span class='ocrx_word' id='word_1_112' title='bbox 402 2075 422 2126; x_wconf 92' lang='grc' dir='ltr'><em>Ι</em></span> <span class='ocrx_word' id='word_1_113' title='bbox 427 2069 497 2138; x_wconf 80' lang='lat'><strong><em>36⁸,3</em></strong></span> <span class='ocrx_word' id='word_1_114' title='bbox 515 2074 545 2126; x_wconf 84' lang='grc' dir='ltr'>τὸ</span> <span class='ocrx_word' id='word_1_115' title='bbox 565 2073 652 2133; x_wconf 74' lang='grc' dir='ltr'><em>δεδιὸς</em></span> <span class='ocrx_word' id='word_1_116' title='bbox 670 2072 787 2144; x_wconf 79' lang='grc' dir='ltr'><em>(αὐτοῦ).</em></span> 
     </span>
     <span class='ocr_line' id='line_1_18' title="bbox 352 2177 933 2252; baseline 0 -18"><span class='ocrx_word' id='word_1_117' title='bbox 352 2179 383 2250; x_wconf 82' lang='lat'>6)</span> <span class='ocrx_word' id='word_1_118' title='bbox 400 2177 491 2247; x_wconf 73' lang='lat'><em>136‚4</em></span> <span class='ocrx_word' id='word_1_119' title='bbox 509 2181 539 2233; x_wconf 82' lang='grc' dir='ltr'>τὸ</span> <span class='ocrx_word' id='word_1_120' title='bbox 558 2181 676 2250; x_wconf 70' lang='lat' dir='ltr'>depactio</span> <span class='ocrx_word' id='word_1_121' title='bbox 694 2179 743 2252; x_wconf 84' lang='grc' dir='ltr'>(μὴ</span> <span class='ocrx_word' id='word_1_122' title='bbox 764 2182 933 2250; x_wconf 76' lang='grc' dir='ltr'><em>δεξαμένου).</em></span> 
     </span>
     <span class='ocr_line' id='line_1_19' title="bbox 358 2287 821 2358; baseline 0.002 -17"><span class='ocrx_word' id='word_1_123' title='bbox 358 2287 384 2358; x_wconf 93' lang='grc'>7)</span> <span class='ocrx_word' id='word_1_124' title='bbox 402 2289 422 2342; x_wconf 92' lang='lat' dir='ltr'><em>I</em></span> <span class='ocrx_word' id='word_1_125' title='bbox 425 2287 486 2356; x_wconf 78' lang='grc'><em>84,1</em></span> <span class='ocrx_word' id='word_1_126' title='bbox 504 2290 534 2341; x_wconf 83' lang='grc' dir='ltr'>τὸ</span> <span class='ocrx_word' id='word_1_127' title='bbox 552 2287 640 2357; x_wconf 71' lang='grc' dir='ltr'><em>βραδὺ</em></span> <span class='ocrx_word' id='word_1_128' title='bbox 659 2288 701 2340; x_wconf 84' lang='grc' dir='ltr'>καὶ</span> <span class='ocrx_word' id='word_1_129' title='bbox 718 2288 821 2353; x_wconf 76' lang='grc' dir='ltr'><em>μέλλον.</em></span> 
     </span>
     <span class='ocr_line' id='line_1_20' title="bbox 276 2385 1362 2476; baseline 0.002 -22"><span class='ocrx_word' id='word_1_130' title='bbox 276 2389 349 2456; x_wconf 93' lang='lat' dir='ltr'>Non</span> <span class='ocrx_word' id='word_1_131' title='bbox 374 2389 487 2456; x_wconf 89' lang='lat' dir='ltr'>dubito</span> <span class='ocrx_word' id='word_1_132' title='bbox 512 2409 541 2460; x_wconf 61' lang='lat' dir='ltr'>fo</span> <span class='ocrx_word' id='word_1_133' title='bbox 558 2408 654 2472; x_wconf 57' lang='lat' dir='ltr'>steno„</span> <span class='ocrx_word' id='word_1_134' title='bbox 677 2389 804 2456; x_wconf 84' lang='lat' dir='ltr'>referre</span> <span class='ocrx_word' id='word_1_135' title='bbox 818 2385 916 2455; x_wconf 57' lang='lat' dir='ltr'>‘inter</span> <span class='ocrx_word' id='word_1_136' title='bbox 938 2392 1041 2457; x_wconf 86' lang='lat' dir='ltr'>verba</span> <span class='ocrx_word' id='word_1_137' title='bbox 1065 2389 1229 2458; x_wconf 82' lang='lat' dir='ltr'>affectum.</span> <span class='ocrx_word' id='word_1_138' title='bbox 1270 2391 1362 2476; x_wconf 79' lang='lat' dir='ltr'>Quod</span> 
     </span>
    </p>
   </div>
   <div class='ocr_carea' id='block_1_5' title="bbox 107 2495 1448 4514">
    <p class='ocr_par' dir='ltr' id='par_1_7' title="bbox 186 2495 1363 2795">
     <span class='ocr_line' id='line_1_21' title="bbox 189 2495 1363 2584; baseline -0.001 -18"><span class='ocrx_word' id='word_1_139' title='bbox 189 2517 268 2566; x_wconf 93' lang='lat' dir='ltr'>vero</span> <span class='ocrx_word' id='word_1_140' title='bbox 291 2496 441 2564; x_wconf 87' lang='lat' dir='ltr'>Hachins</span> <span class='ocrx_word' id='word_1_141' title='bbox 466 2496 502 2582; x_wconf 89' lang='lat' dir='ltr'>(l.</span> <span class='ocrx_word' id='word_1_142' title='bbox 520 2497 541 2562; x_wconf 91' lang='lat' dir='ltr'>l.</span> <span class='ocrx_word' id='word_1_143' title='bbox 559 2495 625 2584; x_wconf 74' lang='lat' dir='ltr'>Lo)</span> <span class='ocrx_word' id='word_1_144' title='bbox 650 2497 851 2581; x_wconf 89' lang='lat' dir='ltr'>disputavit,</span> <span class='ocrx_word' id='word_1_145' title='bbox 881 2497 943 2564; x_wconf 88' lang='lat' dir='ltr'>hoo</span> <span class='ocrx_word' id='word_1_146' title='bbox 965 2497 1178 2580; x_wconf 84' lang='lat' dir='ltr'>participium</span> <span class='ocrx_word' id='word_1_147' title='bbox 1201 2499 1259 2566; x_wconf 85' lang='lat' dir='ltr'>vix</span> <span class='ocrx_word' id='word_1_148' title='bbox 1281 2499 1363 2565; x_wconf 83' lang='lat' dir='ltr'>ferri</span> 
     </span>
     <span class='ocr_line' id='line_1_22' title="bbox 186 2603 1362 2690; baseline 0.003 -20"><span class='ocrx_word' id='word_1_149' title='bbox 186 2623 297 2690; x_wconf 90' lang='lat' dir='ltr'>posse,</span> <span class='ocrx_word' id='word_1_150' title='bbox 329 2603 440 2687; x_wconf 89' lang='lat' dir='ltr'>potius</span> <span class='ocrx_word' id='word_1_151' title='bbox 468 2623 498 2674; x_wconf 70' lang='grc' dir='ltr'>το</span> <span class='ocrx_word' id='word_1_152' title='bbox 528 2624 636 2688; x_wconf 64' lang='lat' dir='ltr'>sozom,</span> <span class='ocrx_word' id='word_1_153' title='bbox 665 2625 694 2676; x_wconf 70' lang='grc' dir='ltr'>το</span> <span class='ocrx_word' id='word_1_154' title='bbox 723 2621 832 2686; x_wconf 69' lang='grc' dir='ltr'><em>λυποῦν,</em></span> <span class='ocrx_word' id='word_1_155' title='bbox 861 2604 927 2672; x_wconf 89' lang='lat' dir='ltr'>iam</span> <span class='ocrx_word' id='word_1_156' title='bbox 958 2605 1093 2690; x_wconf 84' lang='lat' dir='ltr'>dignum</span> <span class='ocrx_word' id='word_1_157' title='bbox 1125 2626 1190 2674; x_wconf 92' lang='lat' dir='ltr'>non</span> <span class='ocrx_word' id='word_1_158' title='bbox 1218 2607 1362 2684; x_wconf 71' lang='lat' dir='ltr'>videtur,</span> 
     </span>
     <span class='ocr_line' id='line_1_23' title="bbox 186 2712 688 2795; baseline -0.002 -16"><span class='ocrx_word' id='word_1_159' title='bbox 186 2713 274 2795; x_wconf 92' lang='lat' dir='ltr'>quod</span> <span class='ocrx_word' id='word_1_160' title='bbox 296 2730 361 2777; x_wconf 92' lang='lat' dir='ltr'>uno</span> <span class='ocrx_word' id='word_1_161' title='bbox 385 2713 488 2780; x_wconf 90' lang='lat' dir='ltr'>verbo</span> <span class='ocrx_word' id='word_1_162' title='bbox 512 2712 688 2780; x_wconf 89' lang='lat' dir='ltr'>refutetur.</span> 
     </span>
    </p>

    <p class='ocr_par' dir='ltr' id='par_1_8' title="bbox 185 2818 1448 4176">
     <span class='ocr_line' id='line_1_24' title="bbox 277 2818 1448 2904; baseline 0.003 -20"><span class='ocrx_word' id='word_1_163' title='bbox 277 2818 468 2886; x_wconf 78' lang='lat' dir='ltr'>Classenius</span> <span class='ocrx_word' id='word_1_164' title='bbox 492 2821 534 2886; x_wconf 91' lang='lat' dir='ltr'>ad</span> <span class='ocrx_word' id='word_1_165' title='bbox 557 2821 630 2904; x_wconf 75' lang='lat' dir='ltr'>I‚90</span> <span class='ocrx_word' id='word_1_166' title='bbox 655 2820 845 2888; x_wconf 86' lang='lat' dir='ltr'>adnotavit:</span> <span class='ocrx_word' id='word_1_167' title='bbox 870 2839 918 2901; x_wconf 65' lang='lat' dir='ltr'>„re</span> <span class='ocrx_word' id='word_1_168' title='bbox 937 2837 1101 2903; x_wconf 58' lang='lat' dir='ltr'>propnetam</span> <span class='ocrx_word' id='word_1_169' title='bbox 1125 2821 1290 2904; x_wconf 79' lang='lat' dir='ltr'>eipentlied</span> <span class='ocrx_word' id='word_1_170' title='bbox 1307 2825 1364 2888; x_wconf 81' lang='lat' dir='ltr'>dos</span> <span class='ocrx_word' id='word_1_171' title='bbox 1445 2871 1448 2878; x_wconf 82' lang='grc'>.</span> 
     </span>
     <span class='ocr_line' id='line_1_25' title="bbox 185 2925 1362 3012; baseline 0.003 -21"><span class='ocrx_word' id='word_1_172' title='bbox 185 2925 334 2991; x_wconf 82' lang='lat' dir='ltr'>mellendo</span> <span class='ocrx_word' id='word_1_173' title='bbox 360 2927 395 2990; x_wconf 83' lang='lat' dir='ltr'>ln</span> <span class='ocrx_word' id='word_1_174' title='bbox 421 2947 497 3012; x_wconf 83' lang='lat' dir='ltr'>uns,</span> <span class='ocrx_word' id='word_1_175' title='bbox 527 2927 624 2992; x_wconf 77' lang='lat' dir='ltr'>(luder</span> <span class='ocrx_word' id='word_1_176' title='bbox 652 2929 708 2992; x_wconf 83' lang='lat' dir='ltr'>cler</span> <span class='ocrx_word' id='word_1_177' title='bbox 735 2927 818 2992; x_wconf 85' lang='lat' dir='ltr'>wille</span> <span class='ocrx_word' id='word_1_178' title='bbox 843 2928 878 2991; x_wconf 82' lang='lat' dir='ltr'>ln</span> <span class='ocrx_word' id='word_1_179' title='bbox 907 2935 1099 2993; x_wconf 79' lang='lat' dir='ltr'>concrcterer</span> <span class='ocrx_word' id='word_1_180' title='bbox 1124 2929 1362 3012; x_wconf 69' lang='lat' dir='ltr'>beselelmunp‘t</span> 
     </span>
     <span class='ocr_line' id='line_1_26' title="bbox 186 3034 1362 3120; baseline 0.002 -20"><span class='ocrx_word' id='word_1_181' title='bbox 186 3034 273 3100; x_wconf 89' lang='lat' dir='ltr'>Num</span> <span class='ocrx_word' id='word_1_182' title='bbox 300 3037 452 3115; x_wconf 90' lang='lat' dir='ltr'>putemus</span> <span class='ocrx_word' id='word_1_183' title='bbox 481 3034 708 3118; x_wconf 82' lang='lat' dir='ltr'>Thucydidem</span> <span class='ocrx_word' id='word_1_184' title='bbox 736 3055 773 3101; x_wconf 92' lang='lat' dir='ltr'>re</span> <span class='ocrx_word' id='word_1_185' title='bbox 801 3053 883 3102; x_wconf 91' lang='lat' dir='ltr'>vera</span> <span class='ocrx_word' id='word_1_186' title='bbox 911 3035 1109 3102; x_wconf 90' lang='lat' dir='ltr'>medicorum</span> <span class='ocrx_word' id='word_1_187' title='bbox 1138 3057 1227 3102; x_wconf 92' lang='lat' dir='ltr'>more</span> <span class='ocrx_word' id='word_1_188' title='bbox 1261 3037 1362 3120; x_wconf 87' lang='lat' dir='ltr'>signi·</span> 
     </span>
     <span class='ocr_line' id='line_1_27' title="bbox 188 3139 1363 3224; baseline 0.003 -18"><span class='ocrx_word' id='word_1_189' title='bbox 188 3139 341 3208; x_wconf 91' lang='lat' dir='ltr'>ficavisse</span> <span class='ocrx_word' id='word_1_190' title='bbox 366 3161 437 3208; x_wconf 90' lang='lat' dir='ltr'>eam</span> <span class='ocrx_word' id='word_1_191' title='bbox 462 3141 563 3208; x_wconf 89' lang='lat' dir='ltr'>animi</span> <span class='ocrx_word' id='word_1_192' title='bbox 586 3148 726 3224; x_wconf 89' lang='lat' dir='ltr'>partem,</span> <span class='ocrx_word' id='word_1_193' title='bbox 753 3142 806 3209; x_wconf 87' lang='lat' dir='ltr'>cni</span> <span class='ocrx_word' id='word_1_194' title='bbox 825 3148 877 3208; x_wconf 91' lang='lat' dir='ltr'>est</span> <span class='ocrx_word' id='word_1_195' title='bbox 899 3142 1043 3209; x_wconf 87' lang='lat' dir='ltr'>facultas</span> <span class='ocrx_word' id='word_1_196' title='bbox 1060 3143 1215 3210; x_wconf 83' lang='lat' dir='ltr'>volendi?</span> <span class='ocrx_word' id='word_1_197' title='bbox 1250 3145 1363 3224; x_wconf 85' lang='lat' dir='ltr'>Neque</span> 
     </span>
     <span class='ocr_line' id='line_1_28' title="bbox 190 3246 1363 3333; baseline 0.003 -21"><span class='ocrx_word' id='word_1_198' title='bbox 190 3246 291 3314; x_wconf 90' lang='lat' dir='ltr'>etiam</span> <span class='ocrx_word' id='word_1_199' title='bbox 319 3267 361 3314; x_wconf 85' lang='lat' dir='ltr'>ex</span> <span class='ocrx_word' id='word_1_200' title='bbox 391 3246 555 3314; x_wconf 84' lang='lat' dir='ltr'>Classenii</span> <span class='ocrx_word' id='word_1_201' title='bbox 584 3248 695 3316; x_wconf 91' lang='lat' dir='ltr'>verbis</span> <span class='ocrx_word' id='word_1_202' title='bbox 724 3249 807 3315; x_wconf 90' lang='lat' dir='ltr'>satis</span> <span class='ocrx_word' id='word_1_203' title='bbox 836 3249 960 3333; x_wconf 88' lang='lat' dir='ltr'>elucet,</span> <span class='ocrx_word' id='word_1_204' title='bbox 996 3255 1107 3315; x_wconf 88' lang='lat' dir='ltr'>utrum</span> <span class='ocrx_word' id='word_1_205' title='bbox 1139 3250 1201 3315; x_wconf 90' lang='lat' dir='ltr'>hac</span> <span class='ocrx_word' id='word_1_206' title='bbox 1229 3250 1363 3316; x_wconf 89' lang='lat' dir='ltr'>notione</span> 
     </span>
     <span class='ocr_line' id='line_1_29' title="bbox 190 3353 1363 3440; baseline 0.003 -20"><span class='ocrx_word' id='word_1_207' title='bbox 190 3354 383 3434; x_wconf 74' lang='lat' dir='ltr'>,facultatem</span> <span class='ocrx_word' id='word_1_208' title='bbox 410 3353 545 3420; x_wconf 67' lang='lat' dir='ltr'>ooknoll‘</span> <span class='ocrx_word' id='word_1_209' title='bbox 581 3376 624 3422; x_wconf 92' lang='lat' dir='ltr'>an</span> <span class='ocrx_word' id='word_1_210' title='bbox 659 3356 721 3440; x_wconf 84' lang='lat' dir='ltr'>‚ld‚</span> <span class='ocrx_word' id='word_1_211' title='bbox 758 3356 840 3438; x_wconf 79' lang='lat' dir='ltr'>quod</span> <span class='ocrx_word' id='word_1_212' title='bbox 866 3354 1019 3422; x_wconf 82' lang='lat' dir='ltr'>coleluet‘</span> <span class='ocrx_word' id='word_1_213' title='bbox 1055 3356 1230 3439; x_wconf 83' lang='lat' dir='ltr'>significet.</span> <span class='ocrx_word' id='word_1_214' title='bbox 1284 3358 1363 3423; x_wconf 84' lang='lat' dir='ltr'>Cum</span> 
     </span>
     <span class='ocr_line' id='line_1_30' title="bbox 190 3461 1365 3547; baseline 0 -19"><span class='ocrx_word' id='word_1_215' title='bbox 190 3481 282 3547; x_wconf 88' lang='lat' dir='ltr'>vero,</span> <span class='ocrx_word' id='word_1_216' title='bbox 310 3465 349 3527; x_wconf 94' lang='lat' dir='ltr'>ut</span> <span class='ocrx_word' id='word_1_217' title='bbox 378 3461 507 3546; x_wconf 91' lang='lat' dir='ltr'>opinor,</span> <span class='ocrx_word' id='word_1_218' title='bbox 535 3464 596 3528; x_wconf 94' lang='lat' dir='ltr'>hoc</span> <span class='ocrx_word' id='word_1_219' title='bbox 618 3462 765 3531; x_wconf 90' lang='lat' dir='ltr'>voluerit</span> <span class='ocrx_word' id='word_1_220' title='bbox 787 3462 952 3544; x_wconf 83' lang='lat' dir='ltr'>indicare,</span> <span class='ocrx_word' id='word_1_221' title='bbox 983 3465 1041 3529; x_wconf 90' lang='lat' dir='ltr'>sed</span> <span class='ocrx_word' id='word_1_222' title='bbox 1070 3465 1137 3540; x_wconf 84' lang='lat' dir='ltr'>,das</span> <span class='ocrx_word' id='word_1_223' title='bbox 1161 3464 1308 3528; x_wconf 80' lang='lat' dir='ltr'>mellendo</span> <span class='ocrx_word' id='word_1_224' title='bbox 1330 3467 1365 3528; x_wconf 79' lang='lat' dir='ltr'>ic</span> 
     </span>
     <span class='ocr_line' id='line_1_31' title="bbox 188 3567 1363 3654; baseline 0.004 -22"><span class='ocrx_word' id='word_1_225' title='bbox 188 3567 262 3632; x_wconf 67' lang='grc' dir='ltr'>ονει</span> <span class='ocrx_word' id='word_1_226' title='bbox 298 3572 428 3636; x_wconf 88' lang='lat' dir='ltr'>tantum</span> <span class='ocrx_word' id='word_1_227' title='bbox 464 3570 614 3650; x_wconf 81' lang='lat' dir='ltr'>,facultas</span> <span class='ocrx_word' id='word_1_228' title='bbox 644 3569 779 3634; x_wconf 82' lang='lat' dir='ltr'>volendi‘</span> <span class='ocrx_word' id='word_1_229' title='bbox 815 3588 887 3636; x_wconf 88' lang='lat' dir='ltr'>esse</span> <span class='ocrx_word' id='word_1_230' title='bbox 922 3569 1041 3654; x_wconf 82' lang='lat' dir='ltr'>possit,</span> <span class='ocrx_word' id='word_1_231' title='bbox 1077 3570 1264 3652; x_wconf 86' lang='lat' dir='ltr'>perspicere</span> <span class='ocrx_word' id='word_1_232' title='bbox 1299 3592 1363 3638; x_wconf 93' lang='lat' dir='ltr'>non</span> 
     </span>
     <span class='ocr_line' id='line_1_32' title="bbox 189 3677 1364 3762; baseline 0.003 -20"><span class='ocrx_word' id='word_1_233' title='bbox 189 3694 336 3762; x_wconf 87' lang='lat' dir='ltr'>possum,</span> <span class='ocrx_word' id='word_1_234' title='bbox 365 3696 508 3758; x_wconf 89' lang='lat' dir='ltr'>quanam</span> <span class='ocrx_word' id='word_1_235' title='bbox 532 3677 701 3761; x_wconf 83' lang='lat' dir='ltr'>cogitandi</span> <span class='ocrx_word' id='word_1_236' title='bbox 723 3677 853 3744; x_wconf 90' lang='lat' dir='ltr'>ratione</span> <span class='ocrx_word' id='word_1_237' title='bbox 877 3677 1087 3760; x_wconf 80' lang='lat' dir='ltr'>Thucydides</span> <span class='ocrx_word' id='word_1_238' title='bbox 1110 3678 1188 3745; x_wconf 88' lang='lat' dir='ltr'>illas</span> <span class='ocrx_word' id='word_1_239' title='bbox 1212 3680 1364 3746; x_wconf 89' lang='lat' dir='ltr'>notiones</span> 
     </span>
     <span class='ocr_line' id='line_1_33' title="bbox 189 3782 1363 3868; baseline 0.002 -20"><span class='ocrx_word' id='word_1_240' title='bbox 189 3782 280 3850; x_wconf 87' lang='lat' dir='ltr'>inter</span> <span class='ocrx_word' id='word_1_241' title='bbox 308 3803 345 3851; x_wconf 90' lang='lat' dir='ltr'>se</span> <span class='ocrx_word' id='word_1_242' title='bbox 375 3785 639 3853; x_wconf 88' lang='lat' dir='ltr'>commutaverit.</span> <span class='ocrx_word' id='word_1_243' title='bbox 687 3785 797 3868; x_wconf 78' lang='lat' dir='ltr'>Quare</span> <span class='ocrx_word' id='word_1_244' title='bbox 826 3790 1001 3854; x_wconf 91' lang='lat' dir='ltr'>vertentes</span> <span class='ocrx_word' id='word_1_245' title='bbox 1025 3787 1095 3863; x_wconf 82' lang='lat' dir='ltr'>,den</span> <span class='ocrx_word' id='word_1_246' title='bbox 1117 3786 1288 3851; x_wconf 82' lang='lat' dir='ltr'>wollendca</span> <span class='ocrx_word' id='word_1_247' title='bbox 1309 3809 1363 3850; x_wconf 72' lang='grc' dir='ltr'>νο-</span> 
     </span>
     <span class='ocr_line' id='line_1_34' title="bbox 189 3888 1363 3976; baseline 0.003 -21"><span class='ocrx_word' id='word_1_248' title='bbox 189 3888 292 3956; x_wconf 81' lang='lat' dir='ltr'>stuad‘</span> <span class='ocrx_word' id='word_1_249' title='bbox 315 3892 450 3976; x_wconf 89' lang='lat' dir='ltr'>propius</span> <span class='ocrx_word' id='word_1_250' title='bbox 467 3893 509 3960; x_wconf 88' lang='lat' dir='ltr'>ad</span> <span class='ocrx_word' id='word_1_251' title='bbox 526 3893 727 3960; x_wconf 82' lang='lat' dir='ltr'>Graecorum</span> <span class='ocrx_word' id='word_1_252' title='bbox 752 3912 883 3960; x_wconf 91' lang='lat' dir='ltr'>sensum</span> <span class='ocrx_word' id='word_1_253' title='bbox 907 3895 1066 3960; x_wconf 87' lang='lat' dir='ltr'>accedere</span> <span class='ocrx_word' id='word_1_254' title='bbox 1085 3893 1179 3961; x_wconf 83' lang='lat' dir='ltr'>nous</span> <span class='ocrx_word' id='word_1_255' title='bbox 1202 3894 1363 3961; x_wconf 87' lang='lat' dir='ltr'>videmur.</span> 
     </span>
     <span class='ocr_line' id='line_1_35' title="bbox 188 3996 1363 4084; baseline 0.003 -22"><span class='ocrx_word' id='word_1_256' title='bbox 188 3996 324 4065; x_wconf 88' lang='lat' dir='ltr'>Iudicat</span> <span class='ocrx_word' id='word_1_257' title='bbox 359 4000 444 4066; x_wconf 88' lang='lat' dir='ltr'>enim</span> <span class='ocrx_word' id='word_1_258' title='bbox 479 4000 634 4084; x_wconf 86' lang='lat' dir='ltr'>scriptor,</span> <span class='ocrx_word' id='word_1_259' title='bbox 671 4001 950 4069; x_wconf 88' lang='lat' dir='ltr'>Lacedaemonios</span> <span class='ocrx_word' id='word_1_260' title='bbox 987 4021 1024 4066; x_wconf 90' lang='lat' dir='ltr'>re</span> <span class='ocrx_word' id='word_1_261' title='bbox 1060 4021 1141 4069; x_wconf 86' lang='lat' dir='ltr'>vera</span> <span class='ocrx_word' id='word_1_262' title='bbox 1169 4000 1294 4081; x_wconf 88' lang='lat' dir='ltr'>aliquid</span> <span class='ocrx_word' id='word_1_263' title='bbox 1330 4002 1363 4066; x_wconf 93' lang='lat' dir='ltr'>in</span> 
     </span>
     <span class='ocr_line' id='line_1_36' title="bbox 190 4103 499 4176; baseline 0.013 -6"><span class='ocrx_word' id='word_1_264' title='bbox 190 4103 310 4172; x_wconf 90' lang='lat' dir='ltr'>animis</span> <span class='ocrx_word' id='word_1_265' title='bbox 334 4107 499 4176; x_wconf 88' lang='lat' dir='ltr'>habuisse.</span> 
     </span>
    </p>

    <p class='ocr_par' dir='ltr' id='par_1_9' title="bbox 107 4212 1364 4514">
     <span class='ocr_line' id='line_1_37' title="bbox 280 4212 1364 4299; baseline 0.003 -19"><span class='ocrx_word' id='word_1_266' title='bbox 280 4212 360 4282; x_wconf 73' lang='lat' dir='ltr'>(ium</span> <span class='ocrx_word' id='word_1_267' title='bbox 384 4217 427 4282; x_wconf 93' lang='lat' dir='ltr'>ad</span> <span class='ocrx_word' id='word_1_268' title='bbox 450 4215 609 4299; x_wconf 87' lang='lat' dir='ltr'>partipia‚</span> <span class='ocrx_word' id='word_1_269' title='bbox 639 4216 680 4283; x_wconf 91' lang='lat' dir='ltr'>de</span> <span class='ocrx_word' id='word_1_270' title='bbox 710 4216 829 4297; x_wconf 89' lang='lat' dir='ltr'>quibus</span> <span class='ocrx_word' id='word_1_271' title='bbox 857 4236 957 4298; x_wconf 87' lang='lat' dir='ltr'>supra</span> <span class='ocrx_word' id='word_1_272' title='bbox 989 4215 1245 4298; x_wconf 86' lang='lat' dir='ltr'>disputavimus,</span> <span class='ocrx_word' id='word_1_273' title='bbox 1274 4217 1364 4283; x_wconf 82' lang='lat' dir='ltr'>viotio</span> 
     </span>
     <span class='ocr_line' id='line_1_38' title="bbox 191 4320 1364 4408; baseline 0.004 -21"><span class='ocrx_word' id='word_1_274' title='bbox 191 4320 363 4389; x_wconf 86' lang='lat' dir='ltr'>abstracta</span> <span class='ocrx_word' id='word_1_275' title='bbox 396 4321 443 4388; x_wconf 90' lang='lat' dir='ltr'>sit</span> <span class='ocrx_word' id='word_1_276' title='bbox 478 4321 781 4408; x_wconf 80' lang='lat' dir='ltr'>subintellegenda‚</span> <span class='ocrx_word' id='word_1_277' title='bbox 821 4324 864 4390; x_wconf 91' lang='lat' dir='ltr'>ad</span> <span class='ocrx_word' id='word_1_278' title='bbox 902 4323 1031 4404; x_wconf 90' lang='lat' dir='ltr'>reliqua</span> <span class='ocrx_word' id='word_1_279' title='bbox 1069 4323 1175 4407; x_wconf 85' lang='lat' dir='ltr'>magis</span> <span class='ocrx_word' id='word_1_280' title='bbox 1213 4323 1364 4392; x_wconf 90' lang='lat' dir='ltr'>minusve</span> 
     </span>
     <span class='ocr_line' id='line_1_39' title="bbox 107 4429 1364 4514; baseline 0.003 -20"><span class='ocrx_word' id='word_1_281' title='bbox 107 4433 111 4440; x_wconf 85' lang='lat'>&#39;</span> <span class='ocrx_word' id='word_1_282' title='bbox 191 4432 368 4496; x_wconf 88' lang='lat' dir='ltr'>concretae</span> <span class='ocrx_word' id='word_1_283' title='bbox 386 4429 577 4514; x_wconf 81' lang='lat' dir='ltr'>cogitantur</span> <span class='ocrx_word' id='word_1_284' title='bbox 594 4436 628 4498; x_wconf 90' lang='lat' dir='ltr'>et</span> <span class='ocrx_word' id='word_1_285' title='bbox 644 4450 774 4514; x_wconf 89' lang='lat' dir='ltr'>semper</span> <span class='ocrx_word' id='word_1_286' title='bbox 785 4430 874 4499; x_wconf 86' lang='lat' dir='ltr'>verti</span> <span class='ocrx_word' id='word_1_287' title='bbox 890 4435 1029 4513; x_wconf 87' lang='lat' dir='ltr'>possunt</span> <span class='ocrx_word' id='word_1_288' title='bbox 1044 4451 1102 4513; x_wconf 87' lang='lat' dir='ltr'>per</span> <span class='ocrx_word' id='word_1_289' title='bbox 1119 4430 1172 4510; x_wconf 86' lang='lat' dir='ltr'>‚id,</span> <span class='ocrx_word' id='word_1_290' title='bbox 1190 4433 1275 4513; x_wconf 85' lang='lat' dir='ltr'>quod</span> <span class='ocrx_word' id='word_1_291' title='bbox 1289 4431 1364 4498; x_wconf 86' lang='lat' dir='ltr'>etc‘</span> 
     </span>
    </p>
   </div>
   <div class='ocr_carea' id='block_1_6' title="bbox 1152 4555 1169 4611">
    <p class='ocr_par' dir='ltr' id='par_1_10' title="bbox 1152 4555 1169 4611">
     <span class='ocr_line' id='line_1_40' title="bbox 1152 4555 1169 4611; baseline 0 0"><span class='ocrx_word' id='word_1_292' title='bbox 1152 4555 1169 4611; x_wconf 82' lang='lat'><strong>2</strong></span> 
     </span>
    </p>
   </div>
   <div class='ocr_carea' id='block_1_7' title="bbox 0 0 1605 4888">
    <p class='ocr_par' dir='ltr' id='par_1_11' title="bbox 0 0 1605 4888">
     <span class='ocr_line' id='line_1_41' title="bbox 0 0 1605 4888; baseline 0 0"><span class='ocrx_word' id='word_1_293' title='bbox 0 0 1605 4888; x_wconf 95' lang='lat' dir='ltr'> </span> 
     </span>
    </p>
   </div>
  </div>
 </body>
</html>
