3182 4888
727 250 945 313 „34-

335 457 363 526 a)
387 438 556 508 Nonnulla
579 441 694 507 horum
718 440 967 522 participiorum
989 461 1094 525 paene
1111 463 1183 510 cum
1199 446 1301 512 verbo
1324 444 1418 511 finito

247 549 437 615 coalescunt
460 555 495 614 ot
518 548 587 614 fere
603 548 696 615 iuxta
718 548 780 614 hoo
797 549 1009 631 collocantur,
1034 551 1130 616 velut
1155 568 1303 638 ἀρημενος
1322 564 1419 635 (εἶπον)

246 701 280 708 -
304 671 478 732 τελευτῶντες
499 670 677 741 (ἀπέστησαν)
705 700 739 708 -
767 671 909 735 παυόμενοι
933 670 1065 742 (λέγομεν)
1085 703 1119 712 -—
1139 675 1287 744 ὑστερήσας
1314 675 1354 726 ἐπὶ
1373 675 1419 744 την

239 772 347 849 ’Ίίρεσον
361 780 480 848 ἐφώρμει
493 778 579 831 ἐλθών
606 807 631 814 -
651 777 764 837 ξυνελών
777 776 871 847 (φαίη)
889 809 924 816 -
941 779 1071 849 (πρᾶσσε)
1084 783 1192 851 θαρσῶν
1206 769 1241 818 -’
1255 783 1419 852 θαρσοῦντες

244 885 370 953 (ἕπεσθε)
399 915 432 924 -
460 884 588 945 λαθόντες
613 872 842 953 (διεκομίσθησαν)
872 914 905 922 -
934 885 963 952 (ἃ
991 886 1072 956 ἦλθεν
1100 890 1129 939 ἐκ
1157 872 1205 957 τῆς
1229 883 1321 950 Ἄσίας)
1350 887 1419 958 ἔχων

245 978 346 1060 (apud
375 991 444 1063 ἔχων
467 974 683 1058 Thucydides
714 973 846 1056 saepius
874 974 1072 1044 traiectione
1100 995 1179 1043 usus
1208 977 1290 1061 est),
1319 993 1418 1060 λαβών,

246 1099 417 1170 παραλαβών,
437 1097 518 1170 ἅγιον,
538 1101 637 1169 φέρων,

334 1191 439 1272 Saepe
467 1189 678 1273 participium
707 1188 857 1255 eontinet
890 1209 973 1271 rom,
1010 1211 1094 1272 quae
1124 1210 1259 1274 prorsus
1287 1211 1347 1274 per
1382 1210 1418 1258 se

244 1298 463 1382 intellegitur,
488 1299 583 1366 Velut
606 1313 647 1366 ἐπὶ
670 1314 715 1383 την
733 1310 841 1383 Ἔρεσον
865 1315 985 1384 ἐφώρμει
1013 1315 1112 1380 ἐλθών,
1141 1313 1254 1385 ἄραντες
1282 1314 1418 1379 ἔπλευσαν,

244 1421 417 1486 ἀναθοώμενοι
437 1420 520 1474 εἷλκον
544 1410 607 1471 etc.
793 1429 794 1432 ’

333 1529 358 1595 0
382 1512 555 1578 Interdum
579 1512 661 1578 haec
684 1510 873 1594 participia,
899 1510 927 1577 si
948 1511 1110 1578 obiectum
1132 1512 1195 1579 sibi
1219 1513 1415 1598 adiungunt,

243 1619 350 1686 dativi
373 1617 640 1686 instrumentalis
663 1618 733 1684 loco
759 1623 852 1697 sunt;
882 1619 939 1684 sed
963 1619 1137 1701 participio
1162 1620 1197 1686 in
1221 1625 1416 1688 transcursu

242 1727 425 1810 indicatur,
454 1725 611 1807 quomodo
639 1723 895 1792 instrumentum
925 1731 1148 1808 comparatum
1175 1727 1230 1794 sit.
1279 1727 1327 1792 Il
1339 1733 1416 1813 34,4

244 1851 276 1904 τὰ
295 1854 362 1903 ὀστᾶ
380 1851 547 1920 προτίθενται
566 1850 659 1920 σκηνὴν
678 1850 845 1920 ποιήσαντες,·
869 1831 1024 1899 Similiter
1048 1833 1095 1897 Π
1105 1839 1214 1911 76,21.
1240 1835 1265 1899 I
1267 1836 1298 1901 V
1309 1838 1415 1920 18‚15.

241 1945 328 2019 53,3.
354 1946 459 2015 69,11.
485 1947 567 2018 aad.
616 1939 682 2007 Ofr.
707 1939 826 2006 Haasii
848 1940 949 2006 Luco.
973 1961 1003 2023 p.
1031 1943 1172 2006 13-15.

330 2063 358 2135 η)
380 2049 478 2115 Nullo
490 2048 562 2114 iere
575 2066 690 2114 sensus
707 2046 897 2113 discrimine
911 2046 1047 2113 dicitur:
1065 2047 1090 2111 Ι
1094 2047 1248 2126 V127,14
1261 2066 1415 2134 φυαααντες

242 2171 439 2243 προκατέλαβον
458 2159 493 2221 θλ
518 2155 695 2232 [[11]θρ
718 2170 842 2239 ἔφθασαν
860 2170 1113 2240 προκαταλαβόντες.
1133 2201 1167 2208 -
1192 2155 1268 2219 [M
1288 2171 1416 2232 λαθόντες

241 2277 355 2347 ἐξῆλθον
374 2269 408 2327 θλ
432 2261 566 2326 IV133
589 2277 685 2329 ἔλαθεν
704 2277 834 2344 «tonsura,
857 2303 888 2314 -
909 2260 934 2323 I
943 2257 1020 2336 ΜΟ
1038 2282 1154 2348 χιτῶνας
1176 2278 1262 2338 λινοῦς
1285 2265 1414 2331 ἐπαύσαν-

241 2404 271 2438 το
291 2389 438 2454 φοροῦντες
458 2373 492 2434 Θλ
513 2368 689 2444 ΠῙ59,20
711 2384 853 2448 παυόμενοι
876 2383 987 2453 λέγομεν
1007 2366 1094 2454 ἢθηλ)

330 2492 360 2561 a)
389 2477 488 2543 Haud
511 2475 561 2541 ita
584 2494 659 2540 raro
683 2474 860 2557 participia
883 2475 1039 2562 maiorem
1063 2476 1187 2542 habent
1210 2475 1288 2559 vim,
1316 2495 1413 2557 quam

240 2582 313 2663 ipsa
341 2587 445 2651 verba
471 2582 580 2667 finita,
610 2581 727 2662 quibus
756 2581 872 2648 addita
902 2587 994 2664 sunt,
1025 2582 1119 2648 velut
1148 2581 1195 2645 ΙΙ
1203 2587 1304 2658 36,17
1331 2603 1415 2652 ταῦτα

241 2706 363 2776 δηλώσας
386 2712 489 2775 πρῶτον
513 2705 564 2770 siue
587 2705 628 2756 καὶ
653 2705 692 2756 ἐπὶ
717 2706 761 2757 τὸν
784 2706 867 2756 τῶνδε
887 2703 998 2756 ἔπαινον.
1045 2689 1099 2754 Ad
1122 2688 1152 2753 λλ
1177 2688 1198 2753 λ.
1224 2688 1414 2756 Classenius

240 2797 431 2863 adnotavit:
456 2798 524 2878 „ost
547 2795 731 2877 petraponte
747 2795 900 2876 ιυουθααρ
923 2795 977 2858 des
992 2795 1132 2878 rodrocus,
1155 2796 1190 2859 ίνι
1213 2793 1344 2860 waledar
1359 2796 1417 2875 aas

240 2904 308 2966 dem
325 2905 468 2983 participo
496 2903 553 2966 dos
578 2901 807 2983 loouptpewiclrt
834 2902 923 2983 λιμμα
953 2899 1044 2966 Deru.
1071 2901 1094 2964 1
1099 2902 1122 2966 V
1138 2907 1192 2978 12,
1223 2902 1318 2978 V19;
1355 2901 1415 2970 cfr.

241 3010 342 3074 Thuo.
368 3008 438 3072 III
447 3013 531 3084 11‚o.
561 3013 647 3084 224.
678 3011 787 3084 33‚15.
816 3012 903 3091 53‚3.
934 3012 987 3071 14.
1012 3010 1117 3072 105.1.
1148 3007 1276 3092 IV3,5.
1303 3013 1411 3085 17,11.

239 3121 348 3199 21,10.
381 3118 457 3193 72,5
485 3113 559 3199 (cfr.
589 3115 631 3181 ad
660 3115 693 3182 h.v
716 3115 738 3179 l.
763 3114 926 3197 Kruegeri
955 3110 1081 3200 notam)
1111 3113 1158 3178 ΙΙ
1167 3119 1253 3198 61,3.
1283 3113 1431 3198 [1446.

241 3226 275 3287 et
299 3222 391 3289 alibi.

330 3346 348 3412 p
367 3329 460 3412 Quod
477 3329 519 3395 ad
536 3329 786 3394 collocationem
810 3326 995 3394 huiusmodi
1011 3325 1260 3408 participiorum
1277 3326 1413 3410 attinet,

239 3436 274 3501 in
299 3436 488 3503 universum
513 3435 585 3502 iure
609 3435 704 3502 nobis
728 3436 929 3502 contendere
952 3434 1112 3516 videmur,
1137 3453 1181 3499 ea
1204 3452 1302 3514 quae
1325 3452 1415 3500 vor·

238 3545 325 3608 bum
361 3542 523 3608 linitum
558 3543 803 3624 praecedunt
831 3540 1020 3624 graviora
1054 3559 1141 3606 esse
1170 3559 1279 3621 quam
1317 3559 1414 3621 quae

239 3654 469 3730 sequuntur.
518 3650 579 3715 His
608 3649 690 3716 locis
718 3649 927 3731 participium
958 3666 1091 3730 prorsus
1119 3645 1286 3713 enuntiati
1309 3645 1414 3713 inter·

238 3755 339 3836 ΡΟΒλλλ
361 3756 431 3820 1000
456 3761 520 3820 θὸλὶ
546 3756 700 3831 [13618
722 3775 820 3824 ἐκεῖνον
839 3769 896 3824 θῶν
921 3773 944 3823 ελ
967 3771 1055 3840 ἐκθοίη
1082 3741 1166 3836 αὐτὸνΙ
1184 3768 1277 3837 (εἰπών
1302 3765 1346 3837 ὑφ’
1373 3769 1409 3821 ῶν

237 3877 279 3929 καὶ
303 3874 345 3946 ἐφ’
371 3872 393 3946 ᾧ
417 3877 548 3939 decoretur)
574 3878 707 3946 σωτηρίας
730 3877 762 3929 ἂν
785 3883 834 3946 τῆς
855 3879 944 3947 ψυχῆς
962 3878 1140 3946 ἀποστερῆσαι
1159 3874 1205 3940 (sc.
1226 3873 1322 3940 εἶπεν),·
1352 3858 1412 3924 cfr.

239 3968 356 4045 reno.
382 3972 518 4052 ranan.

329 4213 349 4283 ¹)
377 4213 434 4273 Cir,
462 4213 607 4268 Matthiae.
650 4213 697 4268 Gr.
723 4229 762 4282 gr.
787 4217 801 4279 ξ
826 4215 913 4274 odil.
956 4211 1085 4266 Abresclr.
1110 4210 1216 4264 Diluoc.
1242 4211 1326 4266 Tlmo.
1351 4211 1412 4267 258.

238 4303 413 4372 Bernhardy„
434 4302 482 4357 Gr.
503 4308 601 4372 syntax
619 4319 639 4357 s.
658 4305 720 4360 475.
