3182 4888
705 261 921 322 ...19-

318 453 479 539 Quoniam
507 454 590 520 haec
617 451 797 536 participia
823 451 1070 519 multitudinem
1104 449 1271 518 hominum
1301 449 1403 534 signi-

227 563 345 647 ficant,
375 561 529 628 nimirum
557 579 675 628 nomen
703 560 865 642 quoddam
893 558 1104 626 collectivum
1140 557 1405 626 subaudiendum

228 669 285 740 vel
307 669 419 753 potius
443 667 658 738 divinandum
682 673 745 753 est,
770 687 843 734 oum
864 667 922 734 vix
938 666 1129 750 suppeditet
1144 667 1404 752 substantivum,

229 779 316 860 quod
339 779 439 862 plane
463 783 576 861 aptum
600 777 655 844 sit.
699 777 888 844 Notandum
911 779 1023 842 autem
1048 779 1109 859 est,
1135 774 1206 842 sola
1228 774 1406 857 participia

229 904 259 956 σν
279 904 429 973 separator
452 887 488 952 et
511 902 541 954 σν
560 899 678 952 zaroem
702 883 744 950 ad
767 883 873 952 verba
896 881 1079 950 transitiva
1102 881 1282 964 pertinere.

782 1063 856 1142 §4

319 1201 361 1291 a)
381 1203 601 1288 Participium
636 1223 708 1270 oum
737 1203 950 1272 substantivo
978 1203 1049 1270 fere
1084 1222 1223 1286 genere,
1260 1222 1405 1287 numero,

230 1331 309 1380 casu
337 1331 520 1396 congruere
548 1311 645 1394 plane
680 1315 939 1378 consentaneum
971 1315 1033 1378 est.
1085 1313 1246 1378 Attamen
1274 1311 1405 1393 Thucy-

231 1419 326 1486 dides
349 1438 509 1502 persaepe
533 1417 764 1486 anacoluthias
787 1437 825 1485 eo
849 1417 969 1497 effecit,
993 1423 1032 1484 ut
1056 1417 1304 1485 constructione
1329 1438 1406 1500 qua·

230 1528 305 1593 dam
347 1527 390 1593 ad
430 1545 578 1609 sensum,
618 1545 714 1607 quam
760 1528 897 1608 vocant,
937 1524 1088 1592 adhibita
1124 1524 1304 1608 participia
1342 1544 1406 1590 non

230 1633 410 1700 videantur
436 1633 560 1700 habere
584 1651 646 1714 quo
669 1632 868 1700 referantur.
915 1631 1076 1714 Quoniam
1104 1633 1167 1699 hac
1190 1633 1231 1700 de
1257 1650 1294 1697 re
1318 1631 1406 1698 infra

229 1740 337 1821 (iva)
376 1739 540 1823 copiosius
577 1740 686 1807 acturi
725 1759 852 1824 sumus,
896 1737 1205 1806 commemoravisse
1250 1739 1405 1814 sufficiat,

230 1846 518 1914 anacoluthiarum
556 1846 688 1914 illarum
727 1847 887 1930 originem
923 1845 1045 1926 ubique
1079 1845 1288 1929 perspicuam
1323 1865 1406 1913 esse.

191 2043 194 2050 Ι
230 1955 434 2038 Quamquam
464 1953 528 2022 loci
556 1955 611 2036 qui
647 1960 832 2036 sequuntur
866 1953 1030 2020 orationis
1064 1953 1205 2036 speeiem
1234 1953 1405 2037 praebent,

230 2082 324 2147 quae,
348 2065 387 2128 ut
403 2061 544 2145 Hauptii
559 2062 671 2129 verbis
687 2066 774 2146 utar,
792 2079 982 2128 concessam
1001 2059 1129 2128 Graeco
1147 2061 1290 2128 sermoni
1306 2061 1405 2128 liber-

232 2174 338 2236 tatem
362 2169 523 2236 excedere
546 2169 688 2237 videtur.

328 2291 371 2346 VI
374 2291 437 2358 I,10
454 2293 496 2346 καὶ
509 2293 625 2364 τοσαύτη
639 2293 706 2346 οὖσα
719 2295 747 2345 ἐν
761 2291 840 2346 εἴκοσι
855 2293 968 2345 σταδίων
978 2291 1092 2358 μάλιστα
1102 2293 1192 2362 μέτρῳ
1206 2297 1254 2362 τῆς
1269 2291 1408 2362 δαλοίσσης

231 2399 375 2470 διείργεται
399 2401 429 2452 τδ
450 2400 487 2469 μὴ
511 2398 619 2469 ἤπειρος
637 2398 712 2452 οὖσα.
758 2384 824 2450 PI'O
849 2388 995 2450 θΧῐΥθΙΙΙΟ
1020 2399 1087 2452 οὖσα
1111 2383 1315 2452 recentiores
1339 2383 1407 2449 edi·

231 2494 321 2557 tores
345 2505 410 2560 εοσσ
433 2490 468 2556 in
492 2495 623 2556 textum
646 2494 853 2572 receperunt.

319 2597 433 2679 Neque
467 2597 569 2664 ullam
608 2596 840 2664 difficultatem
877 2599 1040 2681 praebent
1074 2598 1171 2683 haec,
1212 2598 1254 2664 de
1288 2595 1407 2679 quibus

232 2701 402 2774 dubitavit
425 2702 637 2785 Hauptids:¹)
668 2716 759 2786 1218
778 2721 824 2789 τὴν
842 2724 907 2790 γοῦν
924 2717 1031 2790 Ἀττικὴν
1051 2721 1079 2772 ἐκ
1098 2725 1145 2773 τοῦ
1164 2721 1205 2773 ἐπὶ
1224 2719 1345 2774 πλεῖστον
1364 2720 1407 2772 διὰ

232 2828 262 2879 rr)
281 2826 431 2896 λεπτόγεων
450 2828 626 2880 ἀστασίαστον
645 2823 732 2896 odana:
744 2825 880 2897 ἅνθρωποι
899 2824 983 2897 ᾤκουν
1007 2830 1033 2880 οἱ
1051 2829 1126 2881 αὐτοὶ
1145 2829 1195 2881 ἀεί.
1233 2811 1317 2878 Nam
1334 2831 1407 2877 cilm

233 2934 274 2986 eru
301 2933 421 2988 σλεῑσσσν
448 2919 547 3001 plane
575 2917 726 2986 adverbii
753 2917 826 2985 vioe
854 2917 950 3002 fungi
986 2923 1020 2984 et
1055 2919 1269 3002 temporalem
1304 2918 1407 3002 signi·

232 3024 418 3092 ficationem
435 3026 560 3093 habere
577 3025 769 3092 Classenius
785 3025 869 3092 satis
885 3025 1000 3092 multis
1018 3025 1178 3109 exemplis
1202 3025 1405 3110 probaverit,

232 3135 384 3218 nonest,
410 3152 468 3199 our
492 3151 521 3202 σν
546 3149 587 3201 ee
611 3149 731 3202 σνεῖσσσν
753 3134 848 3200 velut
871 3151 901 3202 σο
925 3149 1004 3202 aaran
1029 3132 1095 3200 dici
1117 3151 1214 3215 posse
1236 3151 1404 3216 negemus

231 3238 342 3320 Atque
358 3239 445 3321 quod
460 3239 627 3322 Hauptius
643 3259 740 3323 porro
756 3239 956 3322 disputavit:
975 3240 1029 3318 „cot
1042 3284 1075 3294 -
1086 3259 1114 3308 ἐκ
1128 3261 1175 3309 wo
1188 3255 1229 3308 eru
1243 3255 1363 3308 σνεῖσσσν
1375 3284 1405 3293 -

230 3367 300 3411 eura
325 3347 488 3412 doceamur
507 3349 634 3428 paritor
660 3348 780 3427 referre
808 3348 850 3412 od
876 3365 1052 3417 ἀστασίαστον
1081 3363 1162 3416 οὖσαν
1190 3352 1281 3428 atquc
1312 3347 1354 3412 od
1381 3364 1407 3415 σε

230 3471 305 3523 αὐτοὶ
333 3471 376 3523 ἀεὶ
404 3466 496 3541 droco,
524 3454 628 3534 socero
654 3455 809 3531 iubemur,
838 3455 922 3535 quod
945 3455 1018 3534 fieri
1044 3455 1193 3537 acquit“‚
1225 3452 1337 3534 aliqua
1366 3471 1407 3518 ex

230 3565 327 3644 parte
349 3563 443 3628 reete
467 3561 644 3646 iudicavit,
675 3562 732 3627 sed
758 3579 831 3627 eum
854 3560 956 3644 fugit,
987 3560 1121 3627 minime
1145 3579 1225 3642 opus
1250 3579 1323 3626 esse
1346 3559 1407 3627 illa

230 3669 332 3736 verba
356 3688 428 3735 oum
452 3682 536 3756 ᾥσσσν
564 3669 712 3754 iungere,
738 3687 811 3736 cum
835 3667 993 3736 adverbio
1018 3685 1060 3737 αεὶ
1083 3687 1188 3750 paene
1211 3667 1297 3734 idem
1321 3666 1405 3733 indi·

232 3781 327 3844 cetur
350 3776 436 3858 quod
459 3775 572 3845 verbis
595 3795 624 3844 α
642 3797 690 3845 wo
709 3792 749 3844 ee
768 3790 896 3844 σνεῑσσσν.

322 3882 389 3950 Per
423 3903 460 3950 se
495 3883 717 3968 intellegitur,
759 3883 842 3950 duas
882 3883 1027 3950 usitatas
1067 3882 1223 3964 loquendi
1258 3882 1406 3950 rationes

233 4009 346 4058 errore
374 3990 448 4060 sive
476 3990 649 4074 scriptoris
678 3990 749 4058 siue
783 3990 913 4057 librarii
948 3990 1101 4057 confusas
1131 4008 1203 4056 esse
1238 3989 1290 4055 his
1325 3989 1406 4055 locis

231 4114 250 4167 I
253 4111 349 4182 V63‚l
366 4115 407 4168 καὶ
427 4118 470 4168 νῦν
491 4120 538 4168 τοῦ
556 4117 678 4184 ἀφανοῦς
696 4133 725 4167 τε
744 4114 840 4167 τούτου
864 4115 907 4168 διὰ
927 4116 955 4166 τὸ
979 4115 1142 4184 ἀτέκμαρτον
1163 4115 1225 4173 δέος
1247 4113 1288 4164 καὶ
1313 4113 1356 4164 διὰ
1376 4114 1405 4164 τδ

233 4220 283 4292 ἤδη
303 4222 441 4292 φοβεροὺς
459 4224 590 4294 παρόντας
607 4219 757 4293 Ἀθηναίους
780 4209 816 4271 ei

324 4435 345 4506 ¹)
364 4436 461 4505 Opuso.
481 4434 529 4490 III
547 4451 611 4505 pag.
630 4438 691 4491 403.
