3182 4888
701 325 920 388 ..10-

223 535 359 598 quorum
384 516 497 585 varias
521 516 784 600 significationes
807 536 873 584 non
897 517 1032 586 diversa
1052 520 1228 585 verborum
1252 521 1395 604 notione,

224 625 282 690 sed
299 623 498 693 diversitate
516 629 707 692 structurae
724 623 810 691 effici
832 631 981 708 apparet.
1022 625 1285 693 Consentaneum
1309 628 1396 694 enim

224 735 291 814 est,
320 731 543 813 participia
569 731 773 814 usurpari,
803 732 987 813 quotiens
1017 713 1197 800 actiones
1220 735 1284 802 vel
1308 754 1397 800 con·

223 837 402 905 diciones
427 839 485 904 eis
510 838 778 922 significatae
801 839 951 905 nomini
974 843 1042 906 aut
1064 858 1159 909 vere
1182 840 1396 908 inhaerent

223 950 292 1011 aut
320 951 362 1012 ut
389 963 483 1013 vere
511 945 780 1026 inhaerentes
809 946 1058 1031 cogitantur,
1088 951 1227 1014 contra
1256 947 1395 1014 infini-

222 1052 329 1119 tivos
354 1051 557 1137 adhiberi,
587 1053 771 1134 quotiens
795 1058 866 1120 aut
888 1054 986 1121 illae
1009 1054 1191 1122 actiones
1215 1074 1290 1122 una
1314 1075 1396 1121 cum

222 1158 375 1225 nomine
409 1165 594 1241 tanquam
631 1160 784 1243 adspici
818 1155 1038 1245 nequeunt,
1078 1167 1147 1228 aut
1181 1162 1395 1245 scriptoris

222 1266 414 1351 interest,
439 1285 517 1332 rem
540 1267 619 1350 ipsi
643 1267 797 1348 quidem
820 1268 976 1335 minime
1000 1269 1154 1336 dubiam
1179 1272 1329 1336 urbane
1353 1276 1395 1336 nt

221 1392 295 1438 non
319 1374 364 1440 ab
389 1373 565 1440 omnibus
590 1393 819 1441 concessam
843 1375 1035 1457 proferre.

310 1483 341 1544 4.
359 1479 395 1546 Si
412 1499 495 1562 quae
511 1481 679 1562 hucusque
695 1482 735 1547 de
753 1481 928 1566 participio
942 1481 1187 1566 disputavimus
1200 1485 1392 1568 probantur,

221 1585 312 1652 cadit
335 1587 417 1654 haec
442 1587 652 1672 Bernhardyi
663 1586 687 1666 ¹)
719 1589 900 1656 sententia:
937 1591 1042 1674 „Eine
1064 1590 1138 1655 sebr
1160 1591 1395 1672 eipentic'mlicbc

220 1693 425 1776 erscbeincnp
459 1696 502 1758 ist
535 1695 591 1758 der
623 1695 788 1761 oebcrrsota
823 1696 879 1760 der
912 1697 1127 1779 prtecbc'scben
1160 1697 1304 1781 rpraeta,
1338 1699 1395 1790 dos

214 1801 355 1880 portico'p
378 1821 409 1865 a.
433 1822 459 1866 s,
484 1797 557 1880 w.“;
584 1821 660 1868 nam
688 1807 727 1868 ut
750 1802 952 1870 adiectivunr
980 1803 1031 1870 ita
1059 1803 1161 1871 etiam
1183 1804 1393 1887 participium

221 1907 428 1974 enuntiatum
466 1907 635 1990 appellare
674 1927 740 1974 non
777 1909 869 1975 licet.
929 1911 1043 1993 Neque
1081 1911 1181 1977 etiam
1219 1911 1392 1994 perspicio,

220 2015 375 2098 quidnam
403 2015 553 2082 nonnulli
582 2015 648 2082 viri
676 2016 781 2093 docti,
812 2017 907 2084 velut
933 2018 1021 2084 idem
1050 2019 1288 2102 Bernhardyus
1315 2020 1337 2085 l.
1360 2021 1392 2103 l.,

220 2123 284 2189 sibi
308 2123 473 2190 voluerint
501 2123 724 2207 disputantes
756 2124 968 2208 participium
997 2125 1165 2194 interdum
1195 2128 1282 2208 apud
1306 2129 1394 2194 Thn-

221 2229 372 2316 cydidem
415 2249 473 2313 pro
518 2231 617 2296 verbo
658 2230 751 2297 finito
796 2251 879 2298 esse.
941 2233 1053 2298 Paene
1097 2231 1292 2298 incredibile
1331 2238 1393 2318 est,

219 2333 412 2422 Haclrinm²)
436 2337 565 2402 demum
589 2356 694 2419 nuper
718 2337 922 2423 cognovisse,
952 2339 1110 2420 quomodo
1134 2338 1276 2406 rationis
1299 2340 1394 2420 quasi

219 2443 349 2526 legibus
377 2443 434 2510 diu
461 2443 598 2512 violatis
629 2445 891 2512 subveniendum
915 2445 960 2514 sit
984 2451 1043 2513 aut
1070 2446 1187 2528 copula
1210 2451 1268 2513 aut
1290 2450 1392 2515 verbo

220 2551 314 2617 finito
328 2551 562 2618 ‘subaudiendo
587 2557 645 2618 aut
668 2557 761 2619 recte
784 2553 1061 2638 interpungendo.

310 2661 339 2724 5.
375 2659 451 2725 Jam
481 2679 592 2726 omnes
626 2679 680 2726 res
715 2660 888 2743 graviores
918 2659 1199 2744 adumbravimus
1235 2660 1278 2726 ad
1312 2681 1393 2742 quas
1430 2671 1436 2690 ·

219 2766 436 2848 respicientes
458 2765 706 2849 participiorum
729 2785 822 2833 usum
839 2768 1081 2851 Thucydidium
1104 2768 1275 2834 illustrare
1299 2767 1393 2834 nobis

219 2873 455 2956 proposuimus.
502 2873 714 2940 Disseremus
738 2874 824 2940 enim

379 2981 406 3046 Ι.
432 2981 473 3046 de
495 2980 682 3064 participiis
706 2981 932 3063 attributivis3

363 3087 408 3153 Π.
434 3087 475 3152 de
498 3087 685 3170 participiis
708 3088 962 3170 praedicativis3

341 3195 473 3260 Ill-de
495 3193 685 3277 participiis
709 3197 847 3262 verbum
870 3195 999 3261 finitum
1023 3195 1285 3276 illustrantibus3

269 3316 273 3326 ·
346 3301 404 3367 IV.
431 3302 471 3367 de
506 3301 588 3367 locis
618 3301 828 3384 quibusdam,
866 3323 945 3384 quos
980 3303 1015 3368 in
1049 3303 1122 3385 ipsa
1156 3293 1393 3369 dissertatione

433 3408 616 3491 attigimus,

792 3751 828 3842 Ι.

768 3930 787 4007 s
812 3933 841 3992 r.

307 4048 526 4132 Participium
569 4051 805 4118 attributivum
851 4051 951 4135 plane
993 4057 1031 4118 ut
1074 4050 1275 4120 adiectivum
1320 4069 1393 4116 cum

219 4155 429 4223 substantivo
459 4157 632 4240 copulatur
660 4158 811 4226 articulo.
864 4159 958 4242 Quod
994 4178 1067 4225 cum
1102 4157 1228 4240 triplici
1262 4157 1392 4224 ratione

310 4401 330 4471 ¹)
351 4402 522 4457 Grieclrischc
542 4409 645 4471 syntax,
666 4421 724 4473 cap.
743 4405 817 4461 XIV
837 4407 878 4470 10,
898 4421 962 4474 pag.
981 4407 1043 4461 470.

308 4491 330 4558 ²)
349 4491 391 4544 Dc
409 4491 551 4558 participio
571 4491 736 4561 Thucydidio
755 4495 805 4558 1,1.
843 4494 1014 4563 Programm.
1051 4493 1147 4548 Lbbau
1165 4493 1271 4548 W.-Pr.
