3182 4888
718 329 938 392 ..40„.

239 519 389 604 primum,
414 519 578 604 generis
599 519 881 589 diversitatem
896 518 1205 602 participiorum
1220 527 1413 602 uunquam

241 645 398 694 causam
422 646 508 694 esse
537 626 766 694 omissionis
795 620 1134 703 coniunctionum,
1164 627 1231 692 sed
1260 631 1414 693 tantum

241 733 428 799 momenti
452 732 749 812 differentiam
773 731 1023 814 quoniam-vero
1046 733 1116 799 fere
1132 732 1258 800 diversi
1281 732 1413 816 generis

240 839 416 922 participia
439 840 474 906 vi
498 859 537 906 οο
560 840 704 922 pondere
728 839 818 906 iuter
834 859 869 906 se
886 839 1053 923 differunt,
1079 839 1305 906 Balkenhollii
1320 858 1414 922 prae·

241 951 372 1029 ceptum
387 965 450 1013 usu
465 947 599 1028 probari
615 946 763 1013 videtur:
784 951 864 1021 tum,
883 945 1120 1029 scriptorem
1136 964 1414 1027 nonnunquam

241 1053 317 1121 vim
340 1052 548 1135 participii
572 1053 738 1118 minoris
754 1052 938 1118 momenti
955 1051 1113 1119 adiecta
1130 1048 1415 1120 coniunctione

242 1159 428 1226 consulto
452 1159 617 1227 auxisse
642 1155 716 1246 (cfr.
735 1158 898 1242 H93‚18,
922 1177 1019 1239 quem
1034 1160 1140 1227 locum
1163 1157 1297 1244 supra§
1317 1163 1354 1225 ll
1374 1159 1412 1224 B.

242 1263 503 1352 adscripsimus).

332 1374 484 1439 Ceterum
513 1371 604 1438 nullo
627 1371 698 1438 iure
722 1371 868 1438 Wildius
896 1390 969 1437 oum
993 1372 1015 1437 l.
1039 1373 1061 1438 l.
1086 1371 1291 1454 comparavit
1313 1373 1414 1438 hunc:

331 1496 350 1548 I
352 1493 468 1562 V34‚19
492 1495 554 1549 οὔτε
577 1496 629 1566 γὰρ
654 1497 680 1548 οἳ
697 1493 764 1548 πῖλοι
784 1494 894 1564 ἔστεγον
912 1495 945 1548 τὰ
964 1495 1123 1561 τοξεύματα,
1143 1467 1256 1566 δυράτιά
1273 1515 1303 1549 τε
1322 1498 1414 1549 ἐναπο-

149 1663 151 1666 ,
242 1602 368 1656 κέκλαστο
386 1603 569 1670 βαλλομένων,
589 1602 660 1673 εἶχον
679 1622 708 1656 τε
727 1603 804 1654 οὐδὲν
823 1602 910 1671 σφίσιν
934 1601 1025 1662 αὐτοῖς
1039 1603 1194 1672 χρήσασθαι
1213 1601 1416 1686 ᾁποκεκλῃμένοι

240 1711 290 1774 μὲν
313 1711 346 1780 τῇ
369 1710 431 1777 dotet
455 1715 503 1763 τοῦ
526 1715 656 1780 προορᾶν,
685 1710 734 1762 ὑπὸ
758 1709 788 1762 δὲ
812 1714 859 1778 τῆς
880 1709 1001 1774 μείζονος
1023 1709 1091 1778 βοῆς
1114 1714 1166 1762 τῶν
1189 1709 1317 1774 πολεμίων
1337 1709 1369 1762 τὰ
1388 1711 1416 1761 ἐν

243 1817 333 1877 αύτοῖς
352 1816 585 1888 παραγγελλόμενα
605 1818 652 1870 οὐκ
670 1816 847 1879 ἐςακούοντες,
871 1816 988 1868 κινδύνου
1008 1835 1037 1868 τε
1055 1817 1221 1886 πανταχόθεν
1240 1821 1417 1886 περιεστῶτος

242 1923 284 1975 καὶ
303 1924 349 1974 οὐκ
368 1922 476 1993 ἔχοντες
495 1923 585 1976 ἐλπίδα
598 1920 658 1976 καθ’
674 1924 713 1975 ὅτι
729 1923 783 1993 χρὴ
797 1909 977 2006 ύμυνομένους
995 1924 1122 1992 σωύῆναι.
1155 1908 1281 1973 Iterum
1299 1905 1416 1973 erdll

244 2032 337 2079 error
366 2005 472 2080 ortus
489 2019 540 2079 est
569 2033 610 2080 ex
637 2012 774 2079 inscitia
797 2030 876 2078 usus
899 2011 1084 2094 particulae
1108 2031 1145 2093 τέ,
1172 2032 1257 2094 quae
1285 2031 1348 2095 non
1373 2013 1417 2079 ad

244 2139 384 2202 sequens
407 2136 449 2188 καὶ
474 2126 621 2204 Spectat,
646 2115 704 2186 S'ed
726 2119 892 2202 prioribus
917 2119 1026 2190 causis
1049 2135 1261 2206 (ἀποκεκλγγμένοι
1290 2125 1325 2186 ed
1354 2137 1413 2196 ἐςα·

243 2222 380 2311 παύοντες)
402 2227 540 2293 tertiam·
555 2227 718 2311 adiungit,
744 2245 816 2292 cum
832 2227 936 2295 verba
958 2243 1000 2295 καὶ
1019 2244 1066 2294 οὐκ
1089 2242 1299 2312 ἔχοντες-ἐλπίδα
1316 2245 1415 2310 liega-

243 2331 325 2417 tive,
349 2338 388 2398 ut
411 2332 461 2400 ita
485 2333 600 2418 dicam,
626 2335 763 2400 candem
788 2352 919 2400 causam
943 2337 1138 2415 proponant.

332 2440 446 2521 Neque
470 2440 571 2507 etiam
587 2441 839 2507 Balkeuhollius
856 2439 973 2507 merito
997 2440 1149 2508 laudavit
1173 2438 1208 2524 (l.
1226 2441 1248 2506 l.
1265 2460 1340 2525 pag.
1357 2437 1416 2527 45)

244 2547 303 2612 hos
327 2545 429 2613 locos:

295 2715 297 2720 .
332 2669 351 2722 I
356 2665 441 2735 26,27
462 2669 649 2739 στρατεύουσιν
675 2666 713 2721 ἐπ’
739 2669 837 2730 αὐτοὺς
861 2673 886 2724 οἱ
904 2668 1102 2742 Κερκυραῖοι..
1124 2671 1193 2736 μετὰ
1217 2675 1270 2724 τῶν
1289 2671 1417 2749 φυγάδων

245 2779 283 2837 ύνς
300 2777 460 2838 κατάξοντες
477 2776 518 2829 καὶ
538 2777 600 2838 τοὺς
616 2773 754 2847 Ἰλλυρίσος
772 2777 972 2848 προςλαβύντες.
1011 2761 1152 2829 Vallata
1168 2767 1338 2830 structura
1358 2779 1417 2845 pl'O

244 2885 286 2936 καὶ
307 2884 376 2950 μετὰ
400 2890 451 2938 τῶν
473 2883 599 2955 Ἰλλυρίιυν
622 2868 708 2934 dixit
731 2857 874 2952 Sssl'illdol'
898 2887 960 2946 τοὺς
982 2883 1035 2938 Ἰλλ.
1054 2885 1261 2956 προςλαβύντες;
1283 2869 1417 2936 minime

245 2995 324 3042 VOI'O
352 2975 530 3058 participia
557 2994 595 3052 ὡς
621 2993 780 3054 κατάξοντες
809 2983 843 3043 θλ
870 2993 1064 3064 προςλαβύντες
1091 2977 1238 3043 eiusdem
1261 2976 1418 3044 momenti
1497 3043 1500 3050 Δ

246 3087 334 3148 sunt.
392 3083 442 3148 Ac
476 3089 652 3165 praeterea
686 3084 807 3150 omissa
841 3084 1072 3151 coniunctione
1110 3084 1224 3166 inepta
1259 3085 1418 3151 evaderet

245 3190 420 3256 verborum
443 3190 625 3257 sententia:
656 3197 711 3268 „ut
734 3191 839 3256 erulos
865 3193 1046 3256 reducerent
1068 3193 1102 3256 to
1119 3192 1260 3272 putrium
1284 3191 1418 3274 Illyrios

244 3298 344 3362 socios
366 3297 427 3362 sibl
450 3297 734 3380 comparaveroot“‚
760 3318 831 3365 cum
852 3319 889 3365 re
905 3318 986 3366 vera
1002 3298 1086 3364 nihil
1103 3298 1234 3364 dicatur
1250 3299 1290 3364 de
1306 3317 1417 3382 causa,

245 3423 303 3470 cur
326 3404 437 3486 Illyrii
462 3405 718 3488 Corcyraeorum
743 3406 823 3473 socii
847 3405 929 3472 facti
954 3405 1032 3472 sint.

334 3525 453 3594 IV32‚1
477 3531 502 3581 οἱ
521 3530 551 3581 δὲ
568 3526 695 3599 Ἀθηναῖοι
720 3529 782 3590 τοὺς
802 3531 851 3594 μὲν
870 3515 993 3600 πρώτους
1014 3527 1172 3598 φύλακας..
1196 3529 1278 3589 εὐθὺς
1297 3529 1418 3598 διαφθεί-

243 3654 335 3705 ρουσιν
354 3637 381 3686 ἐν
401 3640 458 3696 ταῖς
477 3637 565 3696 εύναῖς
583 3635 620 3690 ἔτι
640 3636 873 3702 ἀναλαμβάνοντας
891 3637 923 3689 τοὶ
943 3636 1008 3689 ὅπλα
1026 3636 1067 3688 καὶ
1081 3635 1209 3696 λαβόντες
1222 3637 1267 3706 τὴν
1280 3635 1418 3701 ἀπόβασιν.

245 3726 472 3793 Praecedente
496 3745 524 3794 ο
550 3727 659 3793 omitti
675 3746 739 3793 non
756 3731 867 3808 potest
889 3744 945 3808 καί,
971 3725 1034 3793 etsi
1056 3726 1236 3792 concedere
1252 3727 1418 3803 debemus

246 3832 421 3916 particulis
446 3831 478 3902 ’τέ
500 3837 535 3898 et
557 3851 599 3902 καὶ
623 3833 744 3899 deletis
767 3834 874 3900 locum
897 3832 1137 3916 elegantiorem
1160 3832 1242 3899 fieri.

340 3953 439 4021 V32‚5
457 3957 647 4022 &adnuntiasset
660 3958 708 4017 τάς
720 3977 749 4009 τε
763 3959 790 4008 ἐν
803 3961 860 4016 ταῖς
870 3958 969 4027 μάγοις
981 3956 1122 4025 ξυμφορὰς
1139 3957 1181 4009 καὶ
1194 3961 1242 4009 τοῦ
1261 3958 1288 4008 ἐν
1307 3954 1421 4024 Δελφοῖς

247 4067 314 4116 osan
322 4065 480 4133 χρήσαντος.
503 4049 573 4112 Aut
586 4047 723 4114 similem
737 4047 1031 4114 inconcinnitatem
1043 4047 1208 4128 particula
1224 4063 1253 4116 τὲ
1268 4047 1420 4112 effectam

246 4154 361 4221 Videre
387 4153 469 4219 licei
498 4160 598 4236 aiqlle
627 4155 652 4218 Ῑ
666 4160 710 4219 72
737 4169 842 4240 (ἔδοξεν
869 4173 961 4232 αὐτοῖς
988 4174 1131 4242 παριτητέα
1160 4171 1224 4224 εἶναι
1239 4209 1265 4222 ..
1293 4175 1345 4224 τῶν
1370 4171 1420 4235 μὲν

247 4275 415 4345 ἐγκλημάτων
435 4277 493 4345 πέρι
509 4278 599 4346 μηδὲν
611 4276 858 4348 ἀπολογησομένους
870 4316 897 4330 ..
918 4277 1033 4347 optatam
1053 4279 1083 4330 δὲ
1101 4299 1123 4330 κ.
1137 4299 1158 4331 τ.
1173 4277 1216 4345 ἑ),
1245 4266 1304 4328 aut
1331 4260 1420 4344 geni·

247 4365 338 4432 tivus
373 4366 542 4432 absolutus
577 4367 712 4435 variata
747 4373 916 4436 structura
944 4368 1064 4435 obiecti
1093 4369 1164 4436 loco
1197 4367 1324 4454 positus
1353 4373 1419 4450 est3

248 4473 306 4536 cfr.
330 4473 350 4556 ἕ
374 4473 429 4540 8ο.
