3182 4888
740 257 958 321 ..48-

473 451 505 516 5.
528 450 579 516 lle
602 449 789 516 omissione
811 449 995 534 participii
1019 445 1075 536 (ad
1098 450 1118 528 ὅ
1143 451 1221 528 8‚a).

354 556 431 622 Cum
458 556 544 639 apud
567 556 672 623 verba
700 574 800 636 supra
828 555 1000 639 adscripta
1024 555 1127 622 solum
1152 555 1354 624 adiectivum
1377 577 1435 640 pro

263 658 438 747 participio
456 663 640 730 adhibitum
657 662 800 744 aliquam
818 665 941 732 babeat
959 663 1222 748 explicationem,
1247 663 1281 730 in
1305 663 1436 732 casibus

264 771 426 839 absolutis
442 771 514 837 iure
531 769 677 836 offendit.
711 770 897 838 Careamus
915 791 993 838 vcro
1010 790 1146 838 necesse
1162 775 1223 846 est,
1247 791 1289 837 ne
1301 770 1435 838 nimiam

263 879 360 945 fidem
390 877 573 944 tribuamus
602 876 649 944 eis
672 877 770 962 locis²
802 877 920 958 quibus
944 877 1151 960 potissimum
1179 877 1245 943 viri
1271 877 1362 944 docti
1383 877 1436 942 usi

180 1040 185 1060 ο
264 992 342 1052 sunt
382 987 424 1051 ad
457 983 631 1067 ,participii
670 1003 706 1052 ον
745 983 952 1052 omissionem
992 979 1290 1052 demonstrandam.
1349 983 1436 1050 Nam

264 1093 335 1157 ΙΙΙ
347 1097 423 1170 69‚2
457 1093 566 1158 deleto
600 1107 642 1160 οολ
678 1096 753 1173 post
784 1110 972 1178 χεομοουεῖοοο
1008 1127 1048 1136 -
1084 1092 1168 1173 quod
1203 1091 1276 1158 fieri
1314 1091 1436 1158 debere

263 1199 475 1266 ratiocinatio
499 1197 653 1265 subtilior
675 1197 769 1264 nobis
793 1199 972 1280 persuadet
1000 1235 1035 1244 -
1061 1199 1194 1265 minime
1220 1199 1435 1266 haesitamus

153 1339 157 1348 ·
263 1307 380 1386 Neque
409 1326 481 1374 cum
508 1306 684 1373 Kuehnero
712 1305 765 1370 bis
793 1305 874 1372 locis
899 1305 924 1369 I
926 1307 956 1371 V
966 1309 1031 1370 135
1059 1327 1106 1376 wc
1134 1325 1217 1376 aomo
1241 1304 1373 1394 χειμῶνος
1396 1343 1436 1376 τε-

257 1429 410 1490 λευτῶντος
431 1431 473 1482 καὶ
496 1431 562 1500 πρὸς
586 1429 635 1499 ἔαρ
654 1429 705 1499 ἠὼ]
725 1429 770 1496 (sc.
792 1429 820 1481 ὄν
839 1408 985 1498 Kuehn.)
1011 1418 1046 1478 ei
1074 1413 1172 1479 VIII
1180 1412 1243 1478 101
1262 1429 1386 1482 ἐντεῦθεν
1406 1429 1437 1480 δὲ

264 1536 302 1590 ἔτι
320 1535 416 1607 πολλῆς
434 1538 524 1597 νυκτὸς
545 1535 593 1604 (sc.
614 1521 696 1606 ολίσης
714 1532 760 1604 K.)
784 1535 1054 1606 παραπλεύσαντες..
1074 1537 1242 1606 ἀφικνοῦνται
1267 1537 1296 1596 ἐς
1315 1532 1437 1588 Ῥοιτεῖσν

263 1643 314 1714 quq
338 1648 386 1696 τοο
406 1640 592 1714 Ἑλλησπόντου
617 1643 662 1710 (sc.
688 1643 717 1695 ον
742 1639 788 1712 K.)
810 1627 1023 1710 participium
1048 1629 1202 1694 omissum
1227 1646 1300 1694 esse
1323 1645 1437 1692 conoe·

264 1735 371 1801 dimus
388 1733 586 1816 comparatis
602 1733 655 1800 bis
673 1733 769 1800 locis:
794 1748 898 1810 13020
909 1756 1041 1822 χειμῶνος
1058 1750 1109 1820 qap
1127 1749 1264 1814 111106,3
1283 1751 1374 1810 νοοοος
1385 1749 1436 1819 ἤδη

243 1855 359 1918 'VIU
380 1857 445 1927 πρὸς
463 1857 492 1908 τὸ
513 1855 562 1926 ἔαρ
580 1855 631 1926 ἤδη
650 1854 752 1916 ΙΠ3,4
771 1855 809 1909 ἔτι
829 1856 905 1909 νύκτα
927 1858 984 1920 13,1
1005 1857 1043 1910 ἔτι
1062 1859 1090 1910 ἐν
1109 1856 1207 1929 εἰρήνῃ.
1238 1841 1348 1922 Atque
1364 1857 1441 1905 cum·

263 1947 411 2030 legamus
433 1962 481 2016 III
492 1963 569 2023 1129
589 1962 642 2028 ἅμα
662 1963 754 2034 ὄρθρῳ
771 1951 807 2014 Oia
826 1961 869 2018 IV
879 1964 939 2026 325
959 1964 1013 2030 ἅμα
1032 1965 1063 2017 δὲ
1076 1965 1112 2035 ἕῳ
1126 1965 1274 2035 γιγνομένῃ,
1299 1948 1437 2014 eandem

263 2055 334 2131 iere
357 2053 518 2121 rationem
544 2053 769 2138 cognoscimus
791 2051 890 2136 atque
910 2075 992 2140 eam,
1017 2075 1100 2137 quae
1117 2059 1169 2121 est
1185 2054 1274 2121 inter
1290 2071 1331 2123 επὶ
1345 2067 1436 2141 lupae

264 2167 298 2228 ei
315 2177 355 2230 ἐπὶ
369 2173 459 2248 Κύρου
472 2176 668 2243 βασιλεύοντος.
694 2159 784 2228 Illud
804 2180 832 2238 ἐς
848 2175 967 2231 Ῥοιτεῖον
985 2177 1036 2248 ἤδη
1050 2183 1097 2232 τοῦ
1107 2175 1293 2248 Ἑλληπόντου
1312 2160 1437 2228 dietum

264 2275 316 2336 esi
339 2273 377 2334 Ui
400 2286 429 2344 ἐς
449 2284 538 2355 Οἰνόην
560 2291 608 2354 τῆς
625 2282 740 2355 Ἀττικῆς.

352 2375 471 2442 Mirum
495 2382 562 2460 est,
591 2376 676 2458 quod
699 2377 886 2456 HIll2‚10
915 2381 949 2442 Θλ
976 2375 1023 2442 IV
1042 2381 1116 2458 32ss
1140 2392 1178 2446 ἔτι
1209 2395 1237 2446 ἐν
1265 2397 1323 2454 ταῖς
1349 2393 1437 2454 εὐναῖς

264 2481 383 2549 omisso
410 2481 585 2565 participio
614 2482 748 2566 legitur.
801 2482 962 2566 Quoniam
992 2502 1071 2551 vcro
1100 2489 1240 2565 utroque
1269 2483 1339 2549 loco
1367 2483 1436 2549 illis

263 2589 375 2659 verbis
399 2609 464 2656 non
489 2589 593 2656 solum
609 2589 683 2674 loci,
709 2589 884 2656 sedetiam
900 2594 1038 2674 propter
1059 2589 1208 2656 additum
1224 2605 1262 2660 ἔτι
1278 2590 1436 2674 temporis

264 2695 462 2779 significatio
492 2695 699 2780 proponitur,
729 2696 871 2762 fortasse
895 2696 1019 2762 idcirco
1047 2696 1257 2779 participium
1281 2697 1435 2764 omissum

264 2807 329 2880 est,
366 2803 450 2884 quod
478 2803 599 2886 partim
628 2804 835 2870 adverbum
864 2803 1007 2880 finitum,
1043 2803 1163 2887 partim
1194 2804 1236 2871 ad
1272 2803 1436 2872 obiectum

263 2909 444 2994 pertinent.

351 3017 402 3082 De
426 3017 488 3082 hOC
511 3017 583 3083 1000
605 3032 723 3096 ΠΙ82,6
746 3034 788 3086 καὶ
812 3036 839 3086 ἐν
860 3035 909 3100 μὲν
934 3036 1022 3106 εἰρήνῃ
1047 3035 1093 3087 οὐκ
1117 3035 1148 3087 ἂν
1170 3035 1284 3106 ἐχόντων
1304 3035 1435 3105 πρόφασιν

263 3140 320 3192 οὐδ’
344 3141 455 3205 ἑτοίμων
478 3140 637 3211 παρακαλεῖν
656 3141 765 3205 αὐτούς,
794 3141 994 3207 πολεμουμένων
1018 3144 1048 3194 δὲ
1070 3143 1112 3194 καὶ
1135 3142 1284 3213 ξυμμαχίας
1302 3141 1356 3207 ἅμα
1376 3137 1434 3195 ἑκα-

264 3250 351 3317 τέροις
373 3249 406 3318 τῇ
429 3252 480 3300 τῶν
504 3248 626 3300 ἐναντίων
648 3248 760 3300 κακώσει
778 3248 820 3300 καὶ
839 3249 926 3317 σφίσιν
945 3249 1036 3310 αὐτοῖς
1054 3250 1082 3300 ἐκ
1101 3253 1148 3301 τοῦ
1167 3250 1250 3302 αὐτοῦ
1268 3249 1435 3320 προςποιήσει

261 3355 363 3424 ῥᾳδίως
375 3356 403 3406 αἱ
415 3354 552 3424 ἐπαγωγαὶ
566 3358 621 3414 τοῖς
634 3355 794 3424 νεωτερίζειν
808 3375 831 3408 τι
843 3355 1015 3422 βουλομένοις
1028 3357 1179 3428 ἐπορίζοντο
1193 3384 1225 3394 --
1247 3339 1434 3408 Cla-ssenius

262 3444 297 3510 in
332 3445 512 3528 appendice
541 3445 704 3528 copiosius
732 3445 817 3528 egit3
854 3465 959 3528 neque
994 3453 1106 3514 tomen
1132 3447 1205 3528 =eius
1235 3447 1434 3514 sententiam

262 3552 515 3633 probabiliorem
552 3571 624 3619 esse
658 3553 766 3620 iudico
801 3573 898 3635 quam
932 3554 1044 3621 varias
1083 3554 1229 3622 virorum
1264 3554 1434 3620 doctorum

264 3659 481 3726 coniecturas.
538 3660 700 3742 Equidem
742 3679 875 3746 censeo,
915 3661 1000 3728 illud
1039 3679 1162 3743 ἑτοῖμον,
1204 3680 1277 3728 cum
1311 3661 1434 3726 iustum

264 3787 395 3835 sensnm
433 3787 498 3833 non
537 3769 711 3852 praebeat,
758 3769 903 3851 spurium
942 3789 1030 3853 esse,
1074 3775 1174 3850 atquc
1213 3767 1314 3836 velim
1352 3767 1434 3834 reci·

263 3875 374 3956 piatur
408 3893 466 3956 pro
502 3891 559 3943 οὐδ’
583 3892 695 3956 ἑτοίμων
728 3873 763 3940 in
798 3879 927 3941 textum
963 3893 1128 3961 οὐδετέρων,
1163 3877 1249 3956 quod
1283 3873 1435 3956 sequenti

264 3999 400 4067 ἑκατέροις
422 3981 632 4064 respondeat.
674 3981 827 4047 Ceterum
852 3982 894 4048 ad
915 3983 1019 4049 verba
1042 3999 1069 4050 εο
1085 3999 1135 4063 μὲν
1154 4000 1243 4069 eppa
1268 4001 1314 4066 (ε
1332 3999 1435 4068 sopp

261 4106 309 4168 μὲν
328 4103 460 4174 optarat)
479 4093 513 4154 et
536 4104 737 4170 πολεμουμένου
760 4087 1038 4155 Lacedaemonios
1062 4093 1097 4154 et
1112 4089 1335 4156 Athenienses
1360 4089 1434 4154 sub·

262 4194 385 4260 ieotum
409 4213 481 4260 esse
505 4199 583 4276 puto
608 4199 740 4278 etpost
764 4211 964 4276 πολεμουμένων
984 4212 1014 4264 οὲ
1036 4194 1249 4280 interpuug03
1272 4215 1370 4278 porro
1393 4211 1436 4266 aaz

264 4305 342 4368 ante
358 4317 508 4386 εομμοχίος
523 4302 636 4368 valere
654 4299 776 4385 ,etiam‘
795 4305 829 4368 et
845 4300 952 4368 artius
968 4320 1040 4370 cum
1057 4321 1192 4389 ἑκατέροις
1206 4302 1434 4386 copulandum,

263 4400 438 4490 praeterea
462 4407 587 4475 dativis
610 4426 721 4478 κακώσει
745 4414 781 4475 θλ
804 4427 971 4496 προςποιήσει
994 4409 1071 4476 illas
1099 4427 1247 4497 προφάσεις
1269 4409 1436 4477 indicatas
