3182 4888
677 301 897 363 ..41-

295 507 440 577 Vllum
457 510 500 563 καὶ
519 512 544 564 οἱ
562 506 695 580 Ἀθηναῖοι
715 511 849 572 δείσαντες
867 511 926 582 περὶ
945 515 1002 574 ταῖς
1021 513 1108 566 ναυσὶν
1126 513 1373 584 ἀντερηγανήσαντύ

199 639 229 673 τε
247 619 392 689 σβεστήρια
410 616 552 683 κωλύματα
570 617 612 671 καὶ
631 617 779 678 παύσαντες
796 618 842 687 τὴν
862 617 950 688 φλόγα
967 619 1009 672 καὶ
1022 621 1101 691 τὸμὴ
1120 620 1273 691 προςελύεῖν
1292 621 1374 690 ἐγγὺς

199 705 298 778 ύλκάδα
322 729 370 777 τσῦ
391 725 509 777 κινδύνου
532 723 727 794 ἀπηλλάγησαν.
764 706 919 774 Pertinet
942 725 1089 787 παύσαντες
1111 711 1154 778 ad
1178 726 1372 797 ἀπηλλάγησαν,

198 821 237 882 ut
265 833 400 892 δείσαντες
427 815 470 882 ad
498 831 758 901 ἀντερηγανήσαντο;
793 814 906 896 ltaque
940 819 1044 884 Verba
1072 817 1168 885 finita
1200 817 1373 900 partitialis

199 941 228 994 τὲ
259 927 294 988 et
320 938 362 991 ααὶ
390 919 480 989 inter
507 940 544 988 se
575 922 787 1006 copulantur,
823 942 900 988 nam
927 940 969 992 καὶ
998 930 1073 1006 post
1107 941 1196 1011 φλόγα
1231 926 1373 992 alterurn

199 1029 363 1096 obiectum
385 1027 553 1111 participii
577 1045 724 1104 παύσαντες
745 1027 849 1110 priori
872 1031 1032 1096 annectit.
1210 1101 1211 1104 ,

288 1137 475 1218 Supersunt
508 1134 585 1219 loci,
622 1133 739 1216 quibus
774 1141 910 1218 praeter
944 1137 1129 1222 opinionem
1163 1136 1373 1221 participium

200 1240 336 1312 minoris
352 1241 510 1308 momenti
527 1240 758 1308 coniunctione
775 1260 847 1308 cunr
864 1245 1086 1324 praecedente
1108 1244 1295 1327 copulatum
1312 1248 1370 1310 est.

286 1363 393 1432 Halo
410 1365 539 1426 λαθόντες
555 1364 598 1417 καὶ
616 1365 791 1431 διακόψαντες
808 1367 852 1418 τὸν
868 1365 969 1438 μοχλὸν
988 1367 1101 1437 ἐξῆλθον
1121 1369 1151 1420 σύ
1172 1367 1269 1420 πολλαί.

288 1469 400 1540 II3,30
427 1473 630 1533 καταδείσαντες
652 1473 694 1525 καὶ
717 1473 870 1538 νομίσαντες
893 1473 980 1544 πολλῷ
1003 1474 1108 1553 πλείους
1126 1475 1310 1544 ἐςεληλύδέναι
1324 1513 1330 1526 .
1345 1512 1372 1526 ..

200 1584 266 1652 πρὸς
287 1561 416 1648 ξύμβασιν
435 1580 582 1651 ἐχώρησαν.

287 1689 306 1740 Ι
310 1685 412 1769 1θ9,16
427 1689 508 1758 μέχρι
521 1685 552 1739 ού
571 1685 688 1763 ξηράνας
705 1687 750 1756 τὴν
764 1687 882 1760 διώρυγα
900 1687 942 1741 καὶ
955 1691 1130 1760 παρατρέψας
1142 1687 1206 1758 άλλη
1220 1690 1250 1742 τὸ
1264 1689 1336 1760 ὕδωρ
1347 1727 1371 1742 ..

200 1797 247 1857 τὰς
266 1800 330 1856 ναῦς
347 1795 388 1848 ἐπὶ
407 1799 455 1850 τοῦ
474 1796 558 1864 ξηροῦ
577 1795 698 1865 ἐποίησε;
717 1794 765 1863 cfr.
784 1791 908 1862 ivoni.
928 1791 998 1861 θλύ.
1016 1794 1122 1862 117635.

288 1885 417 1967 Ubique
456 1885 597 1968 primum
636 1883 848 1967 participium
889 1885 995 1952 artius
1035 1905 1107 1952 cum
1141 1889 1243 1954 verbo
1278 1885 1372 1954 finito

199 1993 400 2076 iungendum
424 1997 486 2074 est,
512 1992 589 2074 quia
612 1993 754 2080 alterum
777 2011 843 2058 non
867 1996 936 2059 tam
960 1994 1097 2072 adhoc,
1122 1995 1278 2075 quemad
1298 2015 1372 2076 par·

199 2101 347 2183 ticipium
376 2105 517 2183 spectat.
571 2099 636 2166 Sed
666 2099 743 2181 quia
771 2099 982 2183 Thucydides
1018 2119 1059 2166 cx
1093 2120 1183 2167 more
1217 2101 1373 2182 loquendi

199 2204 334 2274 aliunde
351 2208 435 2274 satis
451 2213 528 2274 noto
546 2207 697 2274 effectum
713 2205 855 2274 actionis
872 2207 979 2274 altero
1000 2207 1177 2291 participio
1194 2226 1372 2290 expressae

197 2311 290 2398 prins
318 2333 414 2395 quarn
442 2315 503 2380 hoo
531 2333 784 2382 commemorare
819 2314 925 2382 satius
962 2315 1072 2400 duxit,
1109 2315 1372 2382 coniunctionem

199 2421 353 2488 omittere
381 2441 446 2488 non
474 2421 599 2506 potuit,
629 2441 671 2488 ne
694 2423 793 2504 plane
822 2421 991 2489 contraria
1012 2423 1261 2506 participiorum
1285 2423 1372 2488 ratio

174 2528 388 2596 'exsisteret
444 2529 528 2596 Nam
561 2529 680 2596 omisso
714 2545 756 2598 καὶ
783 2543 898 2613 113‚3o
924 2547 1126 2606 αααασείαααες
1163 2535 1294 2596 tantum
1329 2530 1372 2596 ad

199 2653 351 2718 νομίσαντες
377 2637 573 2718 referretnr;
609 2635 723 2718 itaque
753 2636 855 2703 otiam
882 2636 1019 2718 reliquis
1048 2636 1128 2704 locis
1156 2657 1261 2718 prava
1298 2655 1370 2703 son·

198 2742 308 2812 tentio
330 2748 482 2810 oreretur
506 2743 736 2811 coniunctione
760 2745 880 2811 deleta.

287 2851 391 2916 Porro
420 2849 569 2931 sequitur
597 2870 638 2917 ex
665 2850 713 2917 eis
740 2870 825 2932 quae
843 2853 952 2918 -modo
981 2850 1209 2935 disseruimus,
1244 2849 1372 2932 parti·

199 2955 356 3040 cipium,
381 2958 479 3038 quod
503 2958 634 3024 artius
651 2976 733 3025 oum
749 2960 869 3025 verbo
886 2958 1009 3024 finito
1033 2958 1271 3042 iungendum
1295 2963 1371 3041 est,

198 3065 360 3150 propius
396 3065 442 3131 ad
477 3067 548 3132 hoc
578 3065 776 3132 collocari
804 3085 914 3147 quam
947 3067 1132 3149 alterum,
1169 3072 1203 3132 et
1236 3084 1372 3147 perraro

199 3177 331 3240 tantum
359 3173 446 3239 hanc
474 3173 581 3256 legem
610 3172 745 3246 violari,
776 3172 805 3239 si
833 3173 986 3240 adhibita
1015 3172 1245 3240 coniunctione
1268 3171 1372 3254 parti·

199 3280 319 3364 cipium
350 3279 451 3346 alteri
480 3279 664 3346 subiectum
694 3280 755 3345 hoc
779 3279 1000 3362 subsequitur.
1048 3280 1201 3346 Ceterum
1225 3279 1372 3345 animad-

200 3387 397 3454 vertendum
416 3391 478 3472 est,
496 3388 590 3453 modo
608 3387 742 3454 maioris
757 3387 852 3453 modo
871 3387 1005 3453 minoris
1023 3386 1181 3454 momenti
1196 3385 1374 3470 participia

199 3494 308 3562 artius
333 3514 406 3561 curn
422 3496 523 3561 verbo
547 3493 640 3559 finito
663 3493 831 3578 iungenda
855 3512 938 3560 esso.
979 3493 1071 3578 Quae
1094 3491 1122 3560 si
1142 3493 1280 3562 inclusa,
1306 3493 1373 3558 alia

197 3601 408 3670 includentia
432 3603 645 3684 appellamus,
674 3601 754 3668 licet
778 3619 936 3667 summam
960 3601 1231 3668 dissertationum
1256 3600 1373 3667 Wildii

200 3715 236 3778 et
259 3709 382 3776 Hachii
405 3709 601 3777 brevissime
626 3710 689 3775 hac
712 3707 841 3775 ratione
864 3727 1061 3791 proponere:

289 3817 467 3898 Includens
490 3815 717 3900 participium,
747 3814 818 3884 sive
843 3834 915 3882 cum
939 3815 1067 3903 incluso
1090 3814 1276 3908 praecedit,
1301 3813 1373 3880 sive

200 3924 350 4006 sequitur
372 3925 509 3992 verbum
532 3921 670 4006 finitum,

292 4037 320 4097 1.
346 4037 404 4098 aut
428 4031 532 4098 solum
555 4031 691 4097 verbum
715 4029 844 4097 finitum
867 4030 1056 4098 accuratius
1080 4029 1205 4113 definit,

254 4154 274 4206 I
277 4151 328 4222 9‚3
340 4152 638 4225 λέγουσι..Πέλοπα..
653 4155 759 4219 δύναμιν
867 4151 1007 4220 IV133,1
1032 4151 1143 4223 θηβαῖοι
1167 4151 1298 4206 θεσπιέων
1322 4157 1373 4204 τεῖ-

200 4263 435 4332 περιπσιησάμενον
463 4263 509 4333 τὴν
537 4263 683 4327 ἐπωνυμίαν
713 4267 761 4331 τῆς
811 4280 863 4331 γος
872 4261 1001 4330 περιεῖλον
1011 4259 1209 4322 ἐπικαλέσαντες
1219 4260 1372 4324 ἀττικισμύν,

197 4369 292 4440 χώρας
310 4368 405 4440 ἔπηλαν
424 4369 487 4422 ύντα
506 4371 579 4434 ὅμως
597 4373 677 4439 σχεῖν.
814 4366 971 4433 βουλόμεναι
988 4368 1037 4432 μὲν
1055 4366 1097 4420 καὶ
1116 4367 1157 4420 ἀεὶ
1175 4387 1197 4420 κ.
1212 4387 1233 4420 τ.
1248 4369 1269 4418 ἑ.
1317 4399 1319 4404 -

291 4465 321 4526 2.
346 4464 405 4527 aut
428 4459 532 4526 solum
555 4457 766 4542 participium
789 4457 964 4542 inclusum,
